2118 3366
874 139 1201 188 ΜΗΔΕΙΑ

329 266 684 334 συμβάλλεται
713 268 767 318 δὲ
797 268 968 318 πολλὰ
998 270 1140 319 τοῦδε
1171 268 1417 332 δείματος·

329 351 470 420 σοφὴ
501 349 727 418 πέφυκας
757 351 839 402 καὶ
871 354 1032 402 κακῶν
1062 355 1269 403 πολλῶν
1299 352 1440 418 ἴδρις,
1797 360 1877 411 285

329 442 465 508 λυπῇ
495 436 548 487 δὲ
575 432 799 500 λέκτρων
829 432 1006 500 ἀνδρὸς
1039 433 1359 500 ἐστερημένη.

331 518 463 571 κλύω
495 517 539 570 δ’
568 518 796 570 ἀπειλεῖν
828 516 896 576 σ’,
931 517 997 571 ὡς
1028 517 1414 584 ἀπαγγέλλουσί
1439 539 1539 583 μοι,

329 602 418 654 τὸν
448 602 600 654 δόντα
631 602 710 654 καὶ
742 599 972 669 γήμαντα
1003 601 1083 652 καὶ
1112 601 1425 668 γαμουμένην

331 684 536 753 δράσειν
566 706 630 737 τι.
717 684 854 737 ταῦτ’
885 684 972 736 οὖν
1002 684 1119 751 πρὶν
1149 688 1327 737 παθεῖν
1358 683 1662 752 φυλάξομαι.

331 773 573 836 κρεῖσσον
603 766 657 821 δέ
686 790 770 834 μοι
803 773 890 821 νῦν
919 769 1043 835 πρός
1075 768 1124 818 σ’
1156 767 1486 837 ἀπεχθέσθαι,
1521 769 1680 837 γύναι,
1800 787 1880 827 290

329 849 360 918 ἢ
390 851 784 919 μαλθακισθένθ’
814 853 1027 920 ὕστερον
1056 851 1187 920 μέγα
1218 851 1431 906 στένειν.

206 939 311 1003 Μη.
336 941 433 1005 φεῦ
461 941 575 1004 φεῦ.

329 1020 504 1075 οὐνῦν
531 1042 595 1087 με
625 1025 839 1088 πρῶτον,
872 1021 1007 1072 ἀλλὰ
1037 1018 1297 1079 πολλάκις,
1332 1019 1507 1087 Κρέον,

331 1105 540 1172 ἔβλαψε
571 1103 693 1169 δόξα
721 1103 920 1171 μεγάλα
949 1103 992 1155 τ’
1023 1106 1280 1171 εἴργασται
1310 1103 1450 1156 κακά.

331 1188 428 1258 χρὴ
460 1188 501 1240 δ’
533 1187 704 1242 οὔποθ’
738 1189 880 1242 ὅστις
911 1189 1167 1255 ἀρτίφρων
1197 1187 1377 1255 πέφυκ’
1409 1187 1532 1255 ἀνὴρ

331 1276 512 1327 παῖδας
542 1277 797 1340 περισσῶς
828 1271 1211 1323 ἐκδιδάσκεσθαι
1240 1272 1450 1338 σοφούς·
1799 1288 1878 1330 295

332 1357 487 1426 χωρὶς
516 1357 615 1423 γὰρ
644 1355 806 1421 ἄλλης
834 1355 893 1421 ἧς
925 1356 1130 1424 ἔχουσιν
1161 1355 1338 1422 ἀργίας

333 1441 525 1509 φθόνον
555 1439 678 1508 πρὸς
707 1441 876 1492 ἀστῶν
907 1439 1197 1507 ἀλφάνουσι
1226 1441 1460 1504 δυσμενῆ.

336 1529 562 1577 σκαιοῖσι
590 1525 682 1590 μὲν
712 1525 810 1591 γὰρ
841 1525 982 1576 καινὰ
1012 1522 1318 1590 προσφέρων
1351 1526 1489 1591 σοφὰ

335 1607 496 1674 δόξεις
526 1609 727 1676 ἀχρεῖος
759 1608 844 1661 κού
877 1606 1038 1674 σοφὸς
1069 1606 1358 1674 πεφυκέναι·

332 1698 432 1746 τῶν
463 1691 506 1744 δ’
536 1693 596 1745 αὖ
628 1692 905 1744 δοκούντων
936 1690 1119 1744 εἰδέναι
1147 1713 1193 1743 τι
1224 1693 1452 1743 ποικίλον
1800 1707 1883 1750 300

335 1779 587 1846 κρείσσων
613 1777 869 1843 νομισθεὶς
902 1778 953 1828 ἐν
983 1777 1130 1828 πόλει
1158 1774 1346 1842 λυπρὸς
1376 1781 1529 1849 φανῇ.

334 1863 434 1930 ἐγὼ
464 1863 518 1914 δὲ
549 1860 701 1925 καύτὴ
737 1863 891 1926 τῆσδε
921 1864 1137 1912 κοινωνῶ
1167 1859 1338 1927 τύχης.

339 1945 477 2014 σοφὴ
508 1947 603 2013 γὰρ
634 1945 777 2003 οὖσα,
810 1950 914 1998 τοῖς
943 1943 1033 2009 μέν
1066 1943 1159 2008 εἶμ’
1191 1945 1479 2011 ἐπίφθονος,

332 2034 437 2084 τοῖς
467 2029 510 2081 δ’
540 2029 776 2098 ἡσυχαία,
810 2032 912 2081 τοῖς
943 2031 997 2080 δὲ
1027 2026 1233 2095 θατέρου
1262 2027 1461 2095 τρόπου,

335 2119 441 2168 τοῖς
471 2113 512 2165 δ’
543 2113 603 2165 αὖ
633 2111 935 2180 προσάντης·
984 2111 1082 2177 εἰμὶ
1114 2111 1154 2162 δ’
1186 2112 1272 2163 οὐκ
1302 2110 1430 2178 ἄγαν
1462 2108 1621 2178 σοφή.
1800 2127 1879 2168 305

337 2198 402 2251 σὺ
432 2197 474 2249 δ’
504 2197 591 2250 οὖν
621 2202 765 2270 φοβῇ
794 2218 871 2261 με·
916 2195 982 2261 μὴ
1013 2197 1066 2248 τί
1091 2197 1381 2261 πλημμελὲς
1410 2193 1593 2266 πάθῃς,·
1620 2243 1623 2246 ⁴

335 2283 430 2351 οὐχ
459 2281 542 2334 ὧδ’
573 2281 680 2349 ἔχει
708 2279 932 2346 μοι-μῆ
963 2278 1145 2352 τρέσῃς
1175 2280 1317 2346 ἡμᾶς,
1352 2278 1582 2345 Κρέον-

266 2401 348 2451 284
386 2399 591 2451 δείματος]
629 2400 830 2451 δείγματα
857 2397 1076 2438 Wieseler
1295 2398 1374 2446 287
1415 2397 1597 2437 ἀπειλεῖν
1631 2396 1669 2436 α’
1700 2395 1733 2434 L
1763 2401 1806 2436 et
1835 2402 1883 2436 ut

210 2455 296 2497 vid.
317 2454 393 2496 B²t
425 2456 611 2497 ἀπειλεῖν
630 2453 723 2493 AV
738 2454 796 2493 P:
828 2453 1006 2494 ἀπειλεῖς
1028 2452 1064 2491 Β
1261 2465 1343 2501 290
1372 2449 1619 2501 ἀπέχθεσθαι
1641 2450 1764 2490 codd.
1787 2451 1882 2501 (ἀπ-

214 2510 382 2563 έχεσθαι
401 2509 537 2556 AB):
571 2522 679 2549 corr.
703 2508 892 2558 Elmsley
1035 2519 1111 2556 291
1144 2505 1413 2558 μεταστένειν
1434 2505 1582 2543 Nauck
1722 2518 1803 2554 292
1831 2522 1882 2556 με

212 2578 298 2606 om.
316 2564 384 2605 A:
422 2564 518 2604 add.
540 2577 593 2603 a:
623 2581 674 2616 γε
698 2563 846 2603 Hirzel
1036 2574 1118 2613 293
1153 2560 1247 2612 δόξα
1266 2561 1387 2599 codd.
1414 2566 1455 2599 et
1475 2565 1506 2602 Σ
1525 2572 1533 2597 :
1561 2562 1740 2611 γλῶσσα
1759 2559 1876 2598 Stob.

211 2621 280 2669 36.
308 2632 335 2670 3
516 2620 597 2669 296
636 2617 787 2670 ἄλλης]
819 2619 946 2664 ἀλκῆς
966 2616 1006 2655 Α
1187 2628 1266 2666 297
1305 2614 1419 2668 πρὸς]
1451 2612 1541 2667 παρ’
1572 2613 1672 2652 citat
1701 2613 1878 2654 Aristot.
1943 2642 1950 2650 .

214 2674 345 2714 Rhet.
375 2686 478 2724 1394
499 2687 524 2713 a
542 2686 595 2723 34
734 2674 815 2722 298
845 2670 972 2724 σοφὰ]
997 2670 1073 2719 ἔπη
1095 2669 1151 2708 Β2
1171 2676 1214 2709 et
1234 2671 1374 2708 denuo
1395 2669 1417 2706 b
1557 2680 1634 2717 301
1667 2670 1817 2720 λυπρὸς
1838 2671 1882 2709 ἐν

211 2728 332 2770 πόλει
351 2727 443 2767 AV
456 2728 492 2768 B
683 2738 874 2778 303-305
904 2739 971 2765 vv.
993 2725 1147 2764 iniuria
1167 2723 1381 2763 sollicitati
1559 2735 1637 2773 304
1670 2723 1882 2762 damnavit

214 2781 410 2834 Hersen,
439 2783 493 2823 cl.
521 2796 560 2824 v.
593 2783 706 2832 808;
746 2794 829 2821 om.
859 2780 915 2829 A,
944 2780 1021 2819 sed
1058 2780 1151 2829 ipse
1180 2779 1359 2829 margini
1389 2776 1627 2827 adscripsit.
1661 2776 1821 2815 Habuit
1850 2781 1881 2819 Σ

212 2849 296 2888 305
326 2838 414 2889 οὐκ]
439 2837 521 2879 οὐδ’
543 2838 849 2887 interpretatur
867 2840 898 2878 Σ
1069 2835 1153 2883 306
1182 2834 1233 2874 σὺ
1253 2834 1286 2874 δ’
1309 2832 1378 2874 οὖν
1397 2832 1437 2870 Α
1453 2832 1486 2870 L
1499 2832 1555 2871 P:
1587 2832 1638 2872 σὺ
1667 2832 1705 2872 δ’
1725 2830 1773 2872 αὖ
1791 2831 1831 2870 V
1844 2830 1880 2869 B

214 2893 270 2944 μὴ
286 2892 358 2933 τί.
383 2922 394 2933 .
418 2922 428 2931 .
450 2891 601 2946 πάθῃς,·
622 2891 795 2940 scripsi:
817 2890 872 2941 μή
888 2906 928 2930 τι
950 2919 960 2930 .
983 2919 993 2929 .
1014 2917 1024 2928 .
1049 2888 1177 2942 πάθῃς
1191 2888 1314 2927 codd.
1337 2886 1508 2940 (πάθῃς,·
1530 2885 1585 2936 Β)
1689 2897 1769 2935 307
1791 2885 1880 2937 ἔχει

213 2963 280 2998 μοι
303 2946 336 2986 L
351 2945 435 2986 ΡΒ
451 2960 463 2986 2
494 2946 630 2998 ἔχοιμι
648 2945 741 2986 AV
1076 2981 1078 2983 .
