2118 3366
885 161 1328 213 ΕΥΡΙΠΙΔΟΥ

392 289 508 356 παρ’
537 290 677 357 ἀνδρὶ
711 294 836 360 τῷδε
866 292 945 344 καὶ
975 293 1190 346 τεκοῦσά
1218 315 1304 360 μοι
1332 293 1495 355 τέκνα,

391 372 535 439 εὐνῆς
565 373 702 426 ἕκατι
738 376 816 427 καὶ
845 374 1029 444 λέχους
1060 377 1152 444 σφ’
1173 378 1491 432 ἀπώλεσας.-

392 456 478 507 οὗκ
509 456 650 509 ἔστιν
678 458 787 523 ἥτις
819 459 950 511 τοῦτ’
980 459 1042 512 ἂν
1072 460 1314 526 Ἑλληνὶς
1342 461 1463 529 γυνῆ

394 540 512 606 ἔτλη
544 540 671 600 ποθ’,
705 543 774 594 ὧν
806 564 866 610 γε
895 544 1118 611 πρόσθεν
1148 543 1318 609 ἠξίουν
1349 546 1448 612 ἐγὼ
1834 564 1940 606 1340

391 627 545 691 γῆμαι
576 624 653 684 σέ,
688 628 832 691 κῆδος
865 627 1047 695 ἐχθρὸν
1077 628 1306 695 ὀλέθριόν
1335 629 1379 681 τ’
1412 631 1536 695 ἐμοί,

390 707 613 768 λέαιναν,
646 709 702 760 οὐ
732 716 957 776 γυναῖκα,
991 715 1079 776 τῆς
1108 714 1417 778 Τυρσηνίδος

389 792 619 856 Σκύλλης
650 793 872 861 ἔχουσαν
903 795 1206 863 ἀγριωτέραν
1238 796 1413 863 φύσιν.

389 876 506 927 ἀλλ’
537 876 593 927 οὐ
623 879 717 944 γὰρ
748 877 808 929 ἄν
842 899 904 930 σε
932 881 1123 946 μυρίοις
1152 882 1369 932 ὀνείδεσι

389 958 600 1026 δάκοιμι·
646 962 824 1013 τοιόνδ’
859 961 1116 1030 ἐμπέφυκέ
1147 985 1231 1016 σοι
1262 964 1464 1031 θράσος·
1834 985 1937 1026 1345

317 1066 320 1067 ⁷
390 1043 503 1111 ἔρρ’,
539 1047 834 1112 αἷσχροποιὲ
867 1047 946 1098 καὶ
978 1046 1166 1100 τέκνων
1195 1050 1448 1116 μιαιφόνε·
1521 1084 1523 1086 -

390 1129 498 1193 ἐμοὶ
529 1131 582 1180 δὲ
613 1128 700 1180 τὸν
733 1129 851 1194 ἐμὸν
884 1130 1076 1196 δαίμον’
1108 1131 1295 1196 αἰάζειν
1326 1133 1475 1201 πάρα,

389 1210 442 1265 ὃς
473 1213 585 1264 οὔτε
614 1213 835 1279 λέκτρων
868 1215 1126 1282 νεογάμων
1157 1215 1417 1282 ὀνήσομαι,

388 1295 445 1346 οὗ
474 1300 651 1351 παῖδας
684 1298 767 1351 οὓς
797 1298 965 1365 ἕφυσα
998 1299 1383 1367 κάξεθρεψάμην

387 1379 481 1444 ἔξω
514 1387 805 1447 προσειπεῖν
839 1383 1036 1446 ζῶντας,
1071 1383 1186 1435 ἀλλ’
1219 1385 1477 1437 ἀπώλεσα.
1835 1404 1942 1444 1350

263 1467 367 1528 Μη.
387 1466 578 1531 μακρὰν
609 1464 670 1517 ἂν
700 1464 921 1530 ἐξέτεινα
951 1467 1109 1519 τοῖσδ’
1143 1469 1367 1520 ἐναντίον

385 1549 633 1615 λόγοισιν,
668 1552 709 1601 εἰ
738 1549 803 1615 μὴ
837 1550 961 1604 Ζεὺς
992 1551 1152 1618 πατὴρ
1181 1551 1430 1615 ἠπίστατο

387 1632 451 1683 οἷ’
485 1630 545 1695 ἐξ
572 1635 690 1698 ἐμοῦ
718 1633 969 1689 πέπονθας
1000 1634 1080 1686 οἶά
1110 1635 1152 1687 τ’
1186 1636 1421 1704 εἰργάσω·

387 1716 451 1767 σὺ
482 1716 524 1767 δ’
556 1717 642 1768 οὐκ
672 1717 881 1782 ἔμελλες
911 1718 1021 1784 τᾶμ’
1053 1719 1300 1785 ἀτιμάσας
1327 1721 1457 1789 λέχη

385 1800 595 1867 τερπνὸν
627 1800 811 1866 διάξειν
841 1804 1017 1868 βίοτον
1050 1806 1273 1871 ἐγγελῶν
1305 1807 1430 1870 ἐμοί·
1831 1823 1934 1864 1355

354 1907 356 1909 ’
386 1884 487 1936 οὐδ’
519 1886 548 1949 ἡ
580 1886 831 1952 τύραννος,
866 1887 966 1938 οὐδ’
1000 1889 1026 1938 ὁ
1058 1890 1140 1940 σοὶ
1170 1891 1407 1956 προσθεὶς
1439 1888 1625 1956 γάμους

388 1967 560 2035 Κρέων
592 1971 760 2022 ἀνατεὶ
789 1970 944 2035 τῆσδέ
973 1972 1023 2037 μ’
1056 1973 1296 2038 ἐκβαλεῖν
1326 1975 1523 2041 χθονός.

385 2052 509 2119 πρὸς
537 2058 689 2105 ταῦτα
721 2056 799 2106 καὶ
829 2054 1051 2115 λέαιναν,
1088 2058 1130 2108 εἷ
1159 2058 1340 2129 βούλῃ,
1377 2058 1516 2109 κάλει

388 2138 467 2189 καὶ
498 2138 732 2190 Σκύλλαν
760 2137 790 2203 ἢ
820 2139 1083 2206 Τυρσηνὸν
1115 2135 1342 2210 Τᾥκησεν
1374 2136 1577 2194 πέδον·’Ῑ“

385 2225 472 2286 τῆς
504 2225 597 2286 σῆς
627 2225 722 2289 γὰρ
755 2223 820 2276 ὡς
848 2223 945 2291 χρὴ
979 2226 1176 2291 καρδίας
1207 2225 1524 2292 ἀνθηψάμην.
1831 2231 1934 2283 13⁶0

263 2310 334 2356 Ia.
388 2304 540 2370 καύτή
571 2327 630 2372 γε
659 2313 791 2379 λυπῇ
824 2309 902 2359 καὶ
935 2313 1095 2360 κακῶν
1127 2309 1360 2362 κοινωνὸς
1392 2309 1450 2361 ε’ἷ.

262 2393 364 2453 Μη.
388 2388 512 2456 σάφ’
544 2392 668 2442 ἵσθι·
713 2391 822 2442 λύει
853 2390 895 2442 δ’
926 2391 1097 2458 ἄλγος,
1130 2389 1190 2457 ἢν
1222 2393 1285 2444 σὺ
1314 2394 1381 2458 μὴ
1411 2393 1628 2464 ’γγελᾷς.

319 2508 424 2555 1338
454 2505 637 2548 ἆπέωσας
658 2506 698 2545 Α
870 2520 975 2558 1339
1005 2511 1077 2549 οὐκ
1100 2508 1191 2550 ἔστι
1212 2509 1326 2550 τοῦτ’
1347 2509 1436 2557 ἥτις
1457 2511 1505 2550 ἂν
1525 2510 1563 2548 V
1733 2511 1838 2559 1346
1868 2511 1931 2551 ὅτι

261 2563 374 2600 δοκεῖ
389 2562 461 2601 τὸν
482 2562 632 2614 στίχον
651 2565 799 2603 τοῦτον
826 2564 948 2604 εἷπὼν
977 2564 1190 2616 Εὐριπίδης
1220 2566 1512 2612 ἐκβεβλῆσθαι·
1555 2565 1615 2605 διὸ
1643 2565 1862 2616 κεχίασται
1883 2570 1926 2608 Σ.

261 2615 322 2654 Cf.
348 2614 544 2655 Machon.
566 2629 636 2666 ap.
657 2617 813 2656 Athen.
840 2630 882 2666 p.
906 2618 986 2666 582
1123 2630 1224 2667 1347
1259 2618 1459 2657 Fortasse
1478 2617 1600 2666 πάρες
1729 2620 1836 2668 1348
1864 2619 1926 2670 ὃς]

261 2672 312 2711 ὣς
332 2669 373 2709 Α
590 2683 691 2721 1351
723 2673 877 2722 μακρὰν
898 2673 947 2713 ἂν
966 2672 1005 2710 V
1019 2672 1054 2710 B
1074 2686 1084 2710 ε
1118 2673 1274 2726 μακρὰν
1294 2674 1328 2713 δ’
1348 2674 1398 2713 ἂν
1415 2672 1456 2710 Α
1475 2686 1483 2710 :
1514 2672 1539 2720 ἧ
1559 2672 1676 2726 μάκρ’
1699 2673 1754 2714 ἂν
1769 2673 1803 2711 L
1819 2671 1853 2711 P
1873 2679 1929 2721 et,

263 2731 307 2764 ut
327 2726 429 2773 vid.‚
450 2731 481 2769 Σ
594 2727 776 2768 ἐναντίον
796 2725 882 2764 VB
900 2740 909 2764 :
942 2727 1138 2768 ἐναντίοις
1159 2726 1223 2765 A:
1257 2727 1422 2768 ἐναντία
1442 2726 1476 2765 L
1492 2726 1569 2770 ΡΣ
1717 2729 1822 2776 1356
1850 2729 1931 2768 οὐδ’

263 2810 272 2821 .
299 2809 310 2819 .
332 2809 343 2833 ·.
366 2782 446 2821 οὐδ’
468 2780 683 2831 Elmsley:
715 2782 796 2822 οὔθ’
818 2810 828 2819 .
850 2810 861 2819 .
885 2811 893 2819 .
917 2783 998 2822 οὔθ’
1018 2782 1143 2821 codd.
1269 2782 1456 2834 προσθεὶς
1478 2781 1512 2819 L
1527 2782 1585 2823 P:
1616 2783 1773 2835 προθεὶς
1791 2781 1880 2820 AV
1894 2781 1930 2820 B

261 2833 392 2886 γάμον
420 2835 471 2874 Α.
546 2835 611 2876 Cf.
642 2836 804 2875 Phoen.
838 2835 914 2884 581
1144 2847 1246 2885 1357
1292 2837 1429 2876 ἀνατεὶ
1470 2836 1554 2875 LP
1581 2853 1646 2890 γρ.
1679 2841 1711 2880 Σ
1743 2836 1929 2888 (ἂνατί)τ

263 2890 406 2940 ἄτιμον
425 2889 579 2929 ABv:
611 2891 760 2941 ἀτίμως
780 2890 818 2928 V
946 2888 1078 2939 τῆσδέ
1096 2890 1156 2942 μ’]
1181 2891 1301 2939 τῆσδ’
1325 2888 1384 2941 ἔμ’
1406 2890 1446 2929 V
1605 2900 1608 2902 ’
1651 2902 1760 2941 Ι359
1786 2888 1930 2940 πέδον]

262 2943 474 2993 glossema
497 2945 700 2993 σπήλαιον
719 2956 931 2993 suprascr.
954 2945 997 2983 in
1018 2945 1072 2992 A,
1095 2946 1211 2984 unde
1232 2947 1356 2986 σπέος
1382 2945 1566 2984 coniecit
1595 2944 1824 2995 Musgrave
1853 2945 1931 2984 sed

265 3004 359 3051 ipse
378 3001 503 3055 πόρον
522 3003 642 3052 legit,
665 3002 714 3043 cl.
739 3002 868 3041 Herc.
895 3003 961 3042 80.
1019 3001 1203 3042 Versum
1225 3002 1339 3042 delet
1359 3001 1526 3042 Verrall
1640 3003 1743 3050 1362
1765 2998 1937 3054 ’γγελᾷς

266 3057 298 3094 L
318 3057 350 3095 P
365 3056 400 3094 Β
419 3072 427 3098 :
457 3061 588 3107 ’γελᾷς
608 3055 647 3095 Α
660 3057 698 3095 V
