2118 3366
990 109 1430 159 ΕΥΡΙΠΙΔΟΥ

583 240 812 309 λυτήριος
842 242 897 293 ἐκ
929 240 1139 293 θανάτου
1169 244 1333 307 γενοῦ,

753 325 933 393 φόνιον
964 324 1005 376 δ’
1037 325 1333 376 ἆπόπαυσον
1352 321 1549 376 “Αιδαν.
1950 337 2042 378 *225

402 479 475 486 --
502 448 668 497 παπαῖ
711 483 1143 495 ........
1915 435 2044 508 [ἀντ.

584 526 622 578 ὦ
651 532 745 579 παῖ
770 526 1010 593 Φέρητος,
1043 526 1112 578 οῖ’
1143 526 1293 593 ἔπρα-

583 610 673 674 ξας
703 609 948 676 δάμαρτος
981 613 1075 663 σᾶς
1107 611 1315 676 στερείς.

407 728 475 736 --
504 695 623 745 αἰαῖ·
670 692 784 757 ἄξια
816 694 894 744 καὶ
926 696 1133 760 σφαγᾶς
1161 692 1293 751 τάδε,

587 779 666 830 καὶ
696 774 854 828 πλέον
883 772 914 840 ἢ
946 777 1120 846 βρόχῳ
1154 775 1299 841 δέρην

753 860 961 930 οὐρανίῳ
993 859 1276 919 πελάσσαι,·
1968 873 2047 914 230

504 947 596 996 τᾶν
626 946 722 1011 γὰρ
752 944 809 995 οὐ
839 945 998 1011 φίλαν
1030 945 1163 995 ἀλλὰ
1195 942 1445 1010 φιλτάταν

586 1034 796 1095 γυναῖκα
829 1031 1171 1079 κατθανοῦσαν
1202 1029 1256 1079 ἐν

753 1111 903 1178 ἄματι
933 1111 1046 1182 τῷδ’
1077 1112 1262 1183 ἐπόψῃ.

406 1232 475 1237 »-
507 1196 609 1247 ἰδοὺ
642 1196 762 1255 ἰδού,

503 1280 576 1344 ἥδ’
610 1283 662 1331 ἐκ
694 1281 858 1345 δόμων
890 1279 947 1344 δὴ
982 1279 1061 1331 καὶ
1091 1280 1241 1332 πόσις
1271 1278 1545 1346 πορεύεται.

407 1400 477 1405 —-
593 1365 792 1429 βόασον
823 1363 877 1423 ὦ,
911 1362 1171 1428 στέναξον,
1204 1362 1242 1415 ὦ
1274 1365 1465 1430 Φεραία

587 1449 741 1516 χθών,
775 1451 868 1500 τᾶν
899 1449 1109 1515 ἀρίσταν
1971 1461 2050 1502 235

587 1538 794 1599 γυναῖκα
822 1531 1188 1598 μαραινομέναν
1219 1532 1354 1600 νόσῳ
1589 1590 1595 1595 Ι

759 1619 881 1668 κατὰ
913 1620 1005 1683 γᾶς
1034 1617 1239 1683 χθόνιον
1268 1615 1382 1683 παρ’
1405 1613 1602 1666 “Ἀιδαν.

382 1740 472 1786 Χο.
506 1736 687 1787 οὔποτε
718 1734 869 1803 φήσω
901 1735 1061 1802 γάμον
1093 1736 1379 1802 εὐφραίνειν

507 1819 662 1872 πλέον
691 1816 721 1883 ἢ
752 1824 946 1878 λυπεῖν,
981 1825 1083 1873 τοῖς
1113 1841 1167 1870 τε
1197 1818 1435 1886 πάροιθεν

507 1905 890 1970 τεκμαιρόμενος
923 1905 1002 1955 καὶ
1032 1903 1186 1955 τάσδε
1215 1903 1369 1970 τύχας
1975 1917 2054 1956 240

506 1988 744 2040 λεύσσων
774 1988 1050 2053 βασιλέως,
1084 1989 1225 2040 ὅστις
1256 1988 1462 2053 ἀρίστης

507 2073 746 2124 ἀπλακὼν
778 2074 970 2140 ἀλόχου
1000 2072 1143 2136 τῆσδ’
1176 2073 1398 2136 ἀβίωτον

591 2157 678 2208 τὸν
709 2157 881 2209 ἔπειτα
911 2158 1095 2224 χρόνον
1124 2156 1398 2222 βιοτεύσει.

384 2277 419 2314 Α
431 2279 463 2314 Λ
474 2277 509 2313 Κ
520 2277 561 2314 H
571 2277 599 2313 Σ
612 2279 645 2314 Τ
654 2278 672 2314 Ι
682 2278 711 2315 Σ

583 2350 734 2404 “Am
766 2353 846 2404 καὶ
877 2352 1007 2419 φάος
1036 2350 1238 2418 ἁμέρας,
1923 2342 2054 2414 [στρ.

593 2436 820 2504 οὐράνιαί
846 2459 901 2489 τε
931 2441 1060 2488 δῖναι
1090 2436 1311 2503 νεφέλας
1341 2436 1592 2503 δρομαίου.
1976 2447 2053 2487 245

439 2566 516 2603 225
547 2555 578 2595 δ’
601 2555 641 2592 V
656 2555 689 2592 Β
710 2570 719 2594 :
748 2554 786 2594 τ’
812 2555 845 2593 L
859 2554 893 2592 P
1061 2556 1156 2603 226,
1180 2566 1259 2603 227
1290 2553 1416 2593 παπαὶ
1437 2552 1466 2591 ὦ
1486 2551 1526 2589 V
1540 2551 1575 2589 B
1597 2564 1606 2589 z
1635 2552 1711 2590 παῖ
1725 2552 1800 2589 παῖ
1816 2552 1892 2602 φεῦ
1913 2551 1989 2600 φεῦ
2010 2549 2055 2588 ἰὼ

386 2611 429 2649 ἶώ
461 2609 494 2646 L
511 2609 553 2648 P.
614 2609 829 2648 Lacunam
852 2608 1045 2647 Dindorf
1257 2620 1336 2657 227
1368 2610 1443 2656 σῆς
1465 2606 1499 2644 Ρ
1518 2620 1527 2644 :
1557 2608 1632 2654 τῆς
1653 2606 1728 2652 σῆς
1751 2603 1785 2641 L
1898 2602 2056 2656 στερείς

387 2663 542 2703 Monk:
576 2665 784 2717 στερηθείς
805 2664 928 2703 codd.
992 2664 1057 2703 Cf.
1081 2676 1173 2714 213,
1199 2676 1279 2712 214
1500 2661 1580 2698 228
1611 2660 1654 2700 αῖ
1671 2659 1714 2699 αῖ
1731 2659 1774 2699 αῖ
1791 2659 1834 2699 αἶ
1849 2658 1937 2696 VB
1958 2672 1968 2696 ε
1994 2656 2055 2709 ἆρ’

387 2717 609 2757 Hermann
775 2731 855 2768 229
885 2719 950 2759 καὶ
973 2731 1054 2757 om.
1078 2718 1113 2755 B
1278 2730 1360 2767 230
1389 2715 1555 2769 οὐρανίῳ
1578 2714 1698 2753 codd.
1725 2719 1767 2751 et
1787 2718 1846 2756 Σε
1876 2713 2056 2764 ἆγχονίῳ

385 2771 612 2811 Wecklein
725 2773 902 2814 πελάσαι
931 2773 1054 2811 codd.
1228 2785 1304 2822 231
1337 2770 1545 2823 φιλτάτην
1581 2768 1665 2807 LP
1831 2779 1910 2816 232
1943 2768 1987 2807 ἔν
2013 2764 2056 2818 ’γ’

387 2826 611 2876 Musgrave
633 2829 712 2875 (εἴν
734 2827 936 2878 Dindorf)
1052 2826 1173 2877 ἄματι
1195 2827 1230 2865 Β
1251 2841 1261 2865 :
1290 2828 1414 2876 ἤματι
1436 2825 1470 2863 L
1484 2824 1567 2862 PV
1677 2826 1782 2863 τῶδε
1800 2821 1843 2874 γ’
1865 2822 1952 2871 ὄψει
1976 2821 2009 2859 L
2025 2820 2058 2858 P

386 2894 464 2931 233
495 2883 578 2922 ἰδοὺ
599 2882 682 2924 ἰδού
702 2896 783 2920 orn.
808 2881 840 2920 L
857 2882 891 2920 P
1068 2895 1149 2931 234
1179 2880 1375 2932 στέναξον
1394 2879 1423 2919 ὦ
1445 2879 1600 2926 βόασον
1623 2877 1656 2916 L
1672 2877 1704 2915 P
1870 2888 1950 2925 237
1979 2878 2057 2927 ’γᾶς

385 2936 425 2975 V
443 2950 452 2975 2
479 2940 559 2989 ’γᾶν
582 2937 615 2975 L
631 2937 663 2974 P
678 2937 713 2974 B
882 2949 957 2986 241
991 2935 1201 2987 λεύσσων]
1223 2935 1382 2975 λεύσων
1402 2935 1468 2975 καὶ
1491 2933 1525 2971 L
1540 2932 1574 2971 P
1725 2944 1804 2980 242
1834 2931 2057 2981 ἀμπλακὼν

387 2991 476 3043 <vel
497 2991 585 3041 -ὢν)
610 2991 728 3031 codd.
752 3006 762 3029 ι
791 3004 900 3031 corr.
923 2990 1165 3030 Wakefield
1333 3002 1413 3039 244
1443 2986 1594 3041 ἡμέρας
1617 2987 1649 3025 L
1664 2986 1698 3024 P
