2118 3366
256 1540 349 1588 Xo.

258 1709 355 1770 Θη.

259 1962 335 2009 Ιπ.

257 2297 354 2359 Θη.

873 148 1316 198 ΕΥΡΙΠΙΔΟΥ

468 278 523 331 ἓν
553 278 609 330 οὗ
637 277 874 331 λέλεκται
902 283 1005 330 τῶν
1034 280 1182 343 ἔμῶν,
1214 279 1277 330 τὰ
1307 277 1351 329 δ’
1381 276 1498 330 ἄλλ’
1528 277 1679 347 ἔχεις·

386 364 428 414 εἰ
457 365 550 428 μὲν
578 364 675 429 γὰρ
705 361 765 426 ἦν
794 383 880 428 μοι
909 361 1094 428 μάρτυς
1125 361 1229 415 οἶός
1259 360 1354 427 εἶμ’
1385 361 1503 428 ε’γῶ,

384 446 463 498 καὶ
493 445 636 511 τῆσδ’
670 446 865 512 ὁρώσης
896 443 1090 513 φέγγος
1117 444 1447 512 ἠγωνιζόμην,

383 529 547 597 ἔργοις
577 528 636 581 ἂν
668 529 795 583 εἶδες
825 529 939 583 τοὺς
972 527 1149 582 κακοὺς
1178 527 1387 593 διεξιών·

383 618 471 666 νῦν
502 613 544 665 δ’
574 614 742 680 ὅρκιόν
774 634 857 664 σοι
889 616 1030 678 Ζῆνα
1059 612 1140 664 καὶ
1170 611 1324 664 πέδον
1353 610 1537 680 χθονὸς

383 699 563 763 ὄμνυμι
590 702 689 749 τῶν
720 701 825 749 σῶν
855 695 1038 762 μήποθ’
1069 694 1303 763 ἅψασθαι
1332 695 1507 763 γάμων

383 780 495 846 μηδ’
527 780 588 833 ἂν
619 783 832 845 θελῆσαι
860 780 974 846 μηδ’
1004 778 1065 831 ἂν
1096 779 1291 832 ἔννοιαν
1319 784 1521 846 λαβεῖν.

383 864 415 929 ἧ
444 864 550 932 τᾶρ’
582 866 793 930 ὀλοίμην
826 863 1011 928 ἀκλεὴς
1041 863 1308 929 ἀνώνυμος,

383 947 563 1002 ἄπολις
594 948 773 1007 ἄοικος,
810 950 975 1016 φυγὰς
1006 949 1262 1012 ἀλητεύων
1289 948 1467 1015 χθόνα,

386 1033 464 1084 καὶ
493 1031 616 1099 μήτε
646 1033 827 1086 πόντος
857 1031 983 1098 μήτε
1011 1034 1075 1100 γῆ
1106 1030 1303 1096 δέξαιτό
1330 1053 1426 1097 μου

384 1116 570 1183 σάρκας
603 1117 855 1175 θανόντος,
893 1118 936 1168 εἰ
968 1115 1115 1169 κακὸς
1143 1114 1325 1182 πέφυκ’
1356 1113 1496 1183 ἀνήρ.

385 1203 428 1252 εἰ
457 1200 500 1251 δ’
529 1201 616 1265 ἥδε
647 1199 953 1265 δειμαίνουσ’
986 1200 1251 1251 ἀπώλεσεν
1279 1200 1400 1265 βίον

384 1283 470 1335 οὐκ
500 1284 609 1335 οἶδ’·
658 1284 765 1350 ἐμοὶ
796 1286 893 1352 γὰρ
926 1283 982 1335 οὐ
1012 1283 1150 1349 θέμις
1179 1282 1306 1350 πέρα
1336 1283 1522 1350 λέγειν.

383 1369 745 1436 ἐσωφρόνησεν
777 1368 863 1419 οὐκ
896 1367 1088 1436 ἔχουσα
1120 1372 1420 1435 σωφρονεῖν,

381 1453 522 1518 ἡμεῖς
552 1452 592 1504 δ’
623 1452 827 1520 ἔχοντες
860 1451 917 1502 οὗ
947 1456 1109 1505 καλῶς
1142 1451 1419 1519 ἐχρώμεθα.

384 1538 633 1604 ἀρκοῦσαν
665 1535 806 1590 εἶπας
838 1537 998 1589 αἰτίας
1028 1533 1375 1603 ἀποστροφήν,

381 1622 554 1687 ὅρκους
585 1621 879 1688 παρασχών,
914 1621 1087 1671 πίστιν
1117 1619 1174 1670 οὐ
1204 1618 1432 1686 σμικράν,
1467 1621 1610 1671 θεῶν.

381 1705 457 1772 ἆρ’
488 1706 575 1758 οὐκ
607 1704 797 1774 ε’πῳδὸς
830 1705 909 1756 καὶ
940 1704 1062 1771 γόης
1092 1702 1277 1771 πέφυχ’
1308 1706 1407 1762 ὅδε,

381 1788 435 1843 ὃς
464 1789 554 1853 τὴν
586 1788 708 1854 ε’μῆν
739 1787 978 1840 πέποιθεν
1011 1787 1279 1856 εὐοργησίᾳ

379 1873 554 1941 ψυχὴν
586 1871 864 1940 κρατήσειν,
901 1872 990 1923 τὸν
1019 1871 1206 1923 τεκόντ’
1240 1870 1510 1937 ἆτιμάσας;

384 1959 463 2009 καὶ
494 1962 587 2009 σοῦ
616 1979 675 2024 γε
703 1956 857 2008 ταύτὰ
892 1955 1045 2024 κάρτα
1077 1955 1321 2021 θαυμάζω,
1353 1954 1524 2021 πάτερ·

383 2043 426 2093 εἷ
455 2043 549 2109 γὰρ
583 2041 647 2092 σὺ
675 2043 769 2106 μὲν
799 2043 915 2094 παῖς
949 2039 1081 2104 ἦσθ’,
1117 2041 1215 2107 ἐγὼ
1246 2042 1299 2091 δὲ
1331 2038 1421 2092 σὸς
1452 2035 1628 2105 πατήρ,

381 2124 573 2177 ἔκτεινά
601 2127 682 2176 τοί
710 2124 760 2175 σ’
792 2124 853 2176 ἂν
886 2124 972 2175 κού
1008 2129 1191 2191 φυγαῖς
1221 2124 1465 2189 ἐζημίουν,

382 2212 518 2276 εἴπερ
549 2208 778 2276 γυναικὸς
808 2207 979 2273 ἠξίουν
1014 2207 1064 2257 σ’
1096 2209 1215 2273 ε’μῆς
1245 2211 1418 2275 θιγεῖν.

380 2294 444 2347 ὡς
474 2292 936 2358 ἄξαηντόδἐῖπας·
987 2291 1081 2360 οὐχ
1111 2292 1236 2343 οὕτω
1269 2294 1409 2364 θανῇ.

380 2378 533 2445 ταχὺς
562 2379 657 2444 γὰρ
679 2375 855 2441 ’Ἅιδης
885 2377 1073 2446 ῥᾷστος
1104 2376 1242 2442 ἀνδρὶ
1273 2378 1522 2442 δυστυχεῖ·

1818 629 1925 669 1025

1817 1046 1928 1087 1030

1820 1465 1924 1506 1035

1814 1885 1925 1927 1040

1815 2304 1922 2345 1045

1820 2386 1922 2428 1047

313 2506 416 2542 1023
446 2493 531 2545 καὶ]
552 2495 578 2543 ἦ
600 2492 893 2547 Wilamowitz
1055 2505 1156 2542 1024
1188 2491 1295 2533 εἷλες
1317 2490 1479 2530 Reiske
1641 2500 1746 2539 1025
1775 2489 1924 2542 χθονὸς

253 2548 376 2592 πέδον
397 2548 439 2587 Μ
455 2549 494 2587 Ο
650 2550 756 2587 1028
789 2548 891 2587 Post
912 2547 1082 2598 ὀλοίμην
1101 2547 1195 2587 add.
1221 2548 1363 2588 ἄπολις
1382 2546 1422 2584 V
1575 2556 1680 2594 1029
1709 2543 1773 2584 Cf.
1801 2543 1920 2593 1048,

254 2603 335 2643 del.
362 2603 649 2651 Valckenaer:
692 2616 772 2642 om.
802 2603 905 2643 Chr.
931 2602 1023 2642 Pat.
1047 2603 1237 2652 526—529
1266 2600 1328 2653 (=
1352 2600 1456 2650 Hip.
1483 2599 1742 2650 1027-1029)
1771 2599 1849 2638 sed
1878 2598 1920 2638 id

254 2658 411 2697 nullius
432 2658 632 2697 momenti
841 2669 946 2706 1033
975 2655 1077 2709 πέρα
1096 2657 1202 2707 θέμις
1222 2654 1264 2694 Α
1469 2666 1572 2703 1034
1603 2652 1865 2707 ἐσωφρόνησε
1885 2653 1921 2694 δ’

254 2713 297 2752 Μ
313 2712 353 2751 Α
367 2712 402 2751 Β
417 2726 443 2751 v
549 2729 613 2765 γρ.
641 2714 719 2764 οὐχ
742 2713 889 2752 ἑκοῦσα
908 2716 939 2755 Σ
1051 2709 1214 2763 (ἔχουσ’
1236 2710 1484 2771 ἆσωφρονεῒν
1505 2708 1696 2758 Mahaffy
1714 2713 1758 2747 et
1782 2707 1919 2759 Bury)

258 2767 361 2816 1038
400 2769 444 2807 οὐ
470 2766 572 2818 γόης
599 2767 638 2805 Α

255 2821 443 2875 εὐοργηία
470 2821 541 2860 M:
582 2821 739 2875 εὖορκία
766 2819 847 2860 M²z
890 2820 1109 2874 εὐοργησίᾳ
1131 2820 1207 2863 ΡΣ

244 2875 386 2917 ’πάντα
401 2880 532 2917 ταῦτα
549 2875 582 2914 Ρ
601 2890 609 2914 :
640 2875 766 2930 κάρτα
780 2878 912 2916 ταῦτα
927 2875 1015 2914 rell.
1035 2875 1092 2926 (εἰ
1105 2877 1235 2916 ταῦτα
1249 2876 1453 2927 καρτερεῖς
1467 2874 1517 2921 Σ)

255 2929 297 2969 Μ
315 2929 534 2974 LPB²2:
572 2930 703 2983 ἠξίους
732 2928 1053 2969 AVM²BDN

254 2983 405 3039 (ἠξίους
423 2986 465 3041 ’γ’
488 2985 548 3038 Ο)
720 2997 821 3040 1047
853 2987 1054 3037 δυσσεβεῖ
1070 2983 1111 3022 Μ
1126 2983 1166 3022 Α
1179 2989 1209 3033 Σ

872 2778 978 2816 1039
1018 2765 1236 2819 εὐοργησίᾳ
1263 2770 1365 2816 mut.
1394 2776 1438 2802 ιη
1461 2763 1675 2817 εὐορκησίᾳ
1702 2760 1842 2801 AVB
1858 2761 1921 2801 L:

1410 2830 1511 2867 1041
1552 2820 1684 2859 ταῦτα
1708 2817 1838 2870 κάρτα
1858 2815 1917 2856 L:

1240 2928 1279 2969 α’
1299 2928 1340 2968 A
1355 2927 1388 2968 L
1403 2926 1500 2969 12132
1518 2940 1527 2966 2
1560 2927 1602 2985 γ·
1625 2870 1920 2969 135⁴sm5'553'3
