2118 3366
942 109 1398 162 ΕΥΡΙΠΙΔΟΥ

455 239 524 292 Σὺ
553 240 643 305 τὴν
677 242 917 306 κακίστην
946 238 1268 308 αἰχμάλωτον
1300 244 1353 294 ἐν
1384 242 1553 308 δόμοις

455 324 640 389 δούλην
670 323 821 396 ἀνέξῃ
852 324 935 375 σοὶ
963 323 1146 393 λέχους
1177 325 1521 391 κοινουμένην,·

453 409 522 473 μὰ
551 407 641 472 τὴν
671 407 918 466 ἄνασσαν,
951 409 1036 460 οὐκ
1059 407 1122 460 ἂν
1153 409 1207 461 ἔν
1237 408 1285 476 γ’
1317 411 1454 475 ἐμοῖς
1481 410 1650 474 δόμοις

453 490 702 557 βλέπουσ’
732 491 794 543 ἂν
824 492 977 558 αὐγᾶς
1006 491 1119 557 τᾶμ’
1152 492 1407 559 ἐκαρποῦτ’
1437 492 1497 544 ἂν
1527 491 1674 560 λέχη.

535 576 671 643 κάγὼ
702 576 923 627 κλύουσα
952 576 1134 627 τούσδε
1163 575 1412 643 Σειρήνων
1440 577 1639 643 λόγους,

454 654 650 726 [σοφῶν
680 660 971 726 πανούργων
1002 660 1244 712 ποικίλων
1272 657 1614 728 λαλημάτων,]

388 805 391 809 ,
458 741 771 809 ἐξηνεμώθην
798 744 974 813 μωρίᾳ·
1062 745 1118 796 τί
1141 741 1236 811 γάρ
1265 743 1315 809 μ’
1346 746 1498 812 ἐχρῆν

453 828 605 879 πόσιν
635 825 939 895 φυλάσσειν,
969 826 1000 900 ᾗ
1028 831 1190 894 παρῆν
1220 829 1355 880 ὅσων
1386 830 1509 888 36⁶⁶,-

453 911 609 965 πολὺς
638 914 731 977 μὲν
760 913 935 977 ὄλβος·
982 910 1221 978 δωμάτων
1251 912 1293 964 δ’
1328 910 1635 978 ἠνάσσομεν·

453 999 634 1049 παῖδας
662 995 704 1046 δ’
734 997 832 1063 ἐγὼ
862 998 954 1062 μὲν
984 998 1221 1063 γνησίους
1250 996 1441 1048 ἔτικτον
1470 996 1547 1056 ἄν,

451 1078 482 1144 ἢ
515 1079 557 1130 δ’
588 1080 883 1145 ἡμιδούλους
909 1086 1014 1133 τοῖς
1045 1082 1182 1146 ἐμοῖς
1212 1084 1512 1148 νοθαγενεῖς.

454 1164 570 1215 ἀλλ’
602 1164 770 1216 οὔποτ’
803 1164 1102 1216 οὔποτ’-οὗ
1132 1167 1226 1232 γὰρ
1259 1163 1478 1230 εἰσάπαξ
1503 1167 1671 1231 ἐρῶ-

453 1248 549 1315 χρὴ
581 1249 694 1302 τούς
722 1270 783 1315 γε
811 1254 927 1300 νοῦν
957 1249 1180 1317 ἔχοντας,
1215 1251 1287 1303 οῖς
1317 1249 1455 1301 ἔστιν
1485 1249 1625 1317 γυνή,

453 1332 576 1399 πρὸς
606 1332 696 1397 τὴν
729 1334 782 1384 ἐν
811 1335 964 1386 οἴκοις
998 1333 1189 1402 ἄλοχον
1220 1335 1469 1401 ἐσφοιτᾶν
1499 1336 1587 1385 ἐᾶν

454 1422 705 1484 γυναῖκας·
753 1417 896 1469 αὗται
925 1419 1022 1485 γὰρ
1051 1415 1346 1469 διδάσκαλοι
1376 1423 1554 1470 κακῶν·

453 1499 482 1565 ἢ
515 1500 605 1565 μέν
635 1522 682 1552 τι
715 1503 1041 1568 κερδαίνουσα
1071 1503 1366 1570 συμφθείρει
1394 1501 1564 1570 λέχος,

453 1583 483 1649 ἢ
517 1585 557 1635 δ’
590 1586 923 1650 ἀμπλακοῦσα
953 1592 1222 1639 συννοσεῖν
1252 1588 1372 1658 αὐτῇ
1404 1586 1556 1645 θέλει,

455 1670 643 1722 πολλαὶ
675 1673 729 1722 δὲ
758 1671 1033 1738 μαργότητι
1066 1710 1076 1722 .
1113 1711 1123 1722 .
1159 1711 1169 1722 .
1204 1672 1465 1723 κάντεῦθεν
1495 1672 1637 1736 δόμοι

455 1759 694 1806 νοσοῦσιν
725 1755 930 1822 ἀνδρῶν.
1022 1755 1144 1821 πρὸς
1173 1754 1278 1806 τάδ’
1310 1756 1362 1806 εῦ
1394 1754 1687 1821 φυλάσσετε

458 1841 720 1911 κλῄθροισι
751 1841 831 1891 καὶ
860 1844 1102 1908 μοχλοῖσι
1132 1837 1368 1905 δωμάτων
1399 1841 1575 1893 πύλας·

454 1924 589 1989 ὑγιὲς
618 1926 712 1990 γὰρ
744 1925 885 1976 οὐδὲν
916 1927 967 1976 αἱ.
997 1924 1208 1990 θύραθεν
1240 1926 1425 1975 εἴσοδοι

457 2011 640 2073 δρῶσιν
670 2013 932 2075 γυναικῶν,
968 2009 1103 2059 ἀλλὰ
1132 2010 1302 2061 πολλὰ
1333 2008 1412 2059 καὶ
1442 2005 1581 2059 κακά.

330 2095 423 2143 Χο.
454 2091 581 2158 ἄγαν
612 2094 802 2159 ἐφῆκας
831 2097 1079 2159 γλῶσσαν
1110 2094 1182 2146 εἷς
1210 2092 1266 2144 τὸ
1298 2094 1574 2160 σύμφυτον.

458 2179 761 2243 συγγνωστὰ
789 2176 882 2242 μέν
911 2199 999 2229 νυν
1030 2178 1113 2229 σοὶ
1142 2175 1264 2236 τάδ’,
1298 2176 1413 2229 ἀλλ’
1445 2178 1577 2241 ὅμως
1606 2175 1770 2244 χρεὼν

460 2265 665 2326 κοσμεῖν
693 2265 929 2328 γυναῖκας
956 2263 1045 2315 τὰς
1074 2263 1354 2328 γυναικείας
1383 2262 1579 2314 νόσους.

332 2348 424 2411 Ορ.
464 2345 632 2411 σοφόν
660 2366 708 2397 τι
736 2348 905 2412 χρῆμα
932 2350 1019 2396 τοῦ
1049 2343 1337 2410 διδάξαντος
1366 2345 1580 2411 βροτοὺς

455 2430 640 2496 λόγους
670 2430 865 2480 ἀκούειν
894 2434 993 2480 τῶν
1025 2431 1261 2481 ἐναντίων
1291 2427 1438 2497 πάρα.

458 2514 558 2580 ἐγὼ
585 2516 682 2581 γὰρ
712 2514 853 2567 εἰδὼς
881 2517 1036 2566 τῶνδε
1067 2515 1316 2581 σύγχυσιν
1346 2514 1510 2579 δόμων

459 2598 563 2664 ἔριν
591 2620 646 2650 τε
674 2597 764 2662 τὴν
795 2597 893 2662 σὴν
926 2598 1004 2649 καὶ
1035 2598 1264 2665 γυναικὸς
1286 2596 1543 2663 ‘'Em-opos,

1908 510 1988 553 935

1907 929 1991 971 940

1910 1348 1990 1390 945

1914 1771 1995 1812 950

1915 2191 1994 2232 955

1918 2600 1997 2653 960

387 2727 469 2765 933
498 2714 626 2767 λέχος
643 2714 684 2753 Η
803 2726 883 2764 935
914 2713 1153 2760 βλέπουσαν
1164 2720 1195 2758 Σ
1210 2720 1252 2753 et
1266 2715 1356 2753 fere
1372 2715 1495 2753 codd.
1514 2711 1734 2766 <βλέπουσ’
1745 2713 1795 2754 ἂν
1809 2712 1843 2751 Ρ
1854 2711 1909 2751 V²
1922 2712 1996 2761 ΒΞ)

332 2783 411 2820 937
454 2770 533 2809 del.
573 2769 724 2808 Nauck
889 2782 972 2819 939
1012 2769 1238 2821 φυλάττειν
1270 2770 1391 2808 codd.
1562 2780 1642 2819 947
1682 2767 1876 2821 συμφέρει
1907 2767 1942 2806 Β
1959 2767 1998 2807 Ο

331 2826 413 2874 948
444 2827 544 2878 αὑτῇ
565 2829 596 2867 Σ
620 2824 682 2873 (et
706 2824 871 2874 Haun.)
891 2837 900 2862 ε
932 2826 1033 2878 αὐτῇ
1054 2824 1175 2863 codd.
1205 2825 1352 2873 (αὐτὴν
1374 2823 1435 2874 Η)
1636 2834 1718 2872 953
1747 2821 1872 2863 πόλλ’
1895 2823 2000 2875 ἄγαν

333 2879 436 2919 κακὰ
474 2879 716 2928 gnomolog.
755 2879 967 2917 venetum
1169 2890 1250 2927 955
1288 2877 1363 2929 μὲν
1398 2877 1466 2919 οὖν
1500 2878 1623 2918 codd.
1643 2891 1652 2917 :
1696 2889 1804 2918 corr.
1839 2876 2000 2916 Canter

332 2935 415 2983 956
434 2934 681 2986 γυναικείους
699 2934 734 2971 Β
751 2933 789 2971 Ο
804 2933 838 2972 Ρ
854 2939 896 2971 et
915 2932 956 2970 H
1053 2932 1215 2983 νόσους]
1231 2949 1295 2987 γρ.
1317 2932 1458 2986 φύσεις
1475 2932 1510 2971 Β
1640 2943 1856 2983 957-1211
1879 2932 2000 2972 deest

337 2988 372 3026 B
496 2999 577 3038 959
605 2987 736 3038 νόμων
757 2987 813 3028 P:
846 2999 954 3027 corr.
974 2990 1006 3037 p
