2118 3366
851 125 1288 174 ΕΥΡΙΠΙΔΟΥ

365 259 637 313 κεντοῦσιν,
671 253 1029 318 αἱμάσσουσιν·
1076 254 1164 306 εἶτ’
1196 255 1291 306 ἆνᾶ
1321 252 1503 321 στέγας

364 336 584 405 φυγάδες
614 337 828 402 ἔβησαν·
874 339 929 389 ἐκ
960 340 1014 389 δὲ
1045 335 1272 402 πηδήσας
1303 337 1402 404 ἐγὼ

365 421 456 488 θὴρ
487 421 553 473 ὣς
583 421 741 472 διώκω
771 423 859 475 τὰς
887 422 1183 488 μιαιφόνους
1215 422 1375 478 κύνας,

366 503 542 557 ἅπαντ’
574 505 782 570 ἐρευνῶν
813 499 1025 573 Ττοῖχον
1056 504 1122 558 ὡς
1152 498 1457 571 κυνηγέτηςΫ

365 587 576 653 βάλλων
607 587 862 655 ἀράσσων.
936 587 1101 639 τοιάδε
1132 588 1361 640 σπεύδων
1388 586 1536 656 χάριν
1799 600 1902 644 1175

367 671 591 723 πέπονθα
619 671 709 735 τὴν
741 671 838 735 σὴν
869 671 1112 737 πολέμιόν
1142 692 1196 722 τε
1227 670 1319 722 σὸν
1352 671 1557 728 κτανών,

366 754 698 822 Ἀγάμεμνον.
773 754 837 808 ὥς
866 757 921 807 δὲ
948 755 1015 820 μὴ
1045 755 1261 821 μακροὺς
1289 756 1433 806 τείνω
1465 755 1663 822 λόγους,

366 840 413 891 εἴ
438 860 512 893 τις
541 843 775 905 γυναῖκας
803 843 902 890 τῶν
933 839 1048 906 πρὶν
1078 841 1270 905 εἴρηκεν
1300 843 1459 892 κακῶς

365 918 396 986 ἢ
426 927 514 974 νῦν
545 921 710 988 λέγων
741 921 882 974 ἔστιν
912 943 986 975 τις
1015 918 1045 986 ἢ
1075 922 1255 988 μέλλει
1282 921 1470 989 λέγειν,

366 1005 561 1057 ἅπαντα
589 1010 742 1057 ταῦτα
772 1006 1027 1070 συντεμὼν
1058 1007 1156 1073 ἐγὼ
1186 1004 1385 1072 φράσω·
1762 1040 1765 1043 »
1799 1009 1906 1051 1180

365 1089 510 1156 γένος
539 1091 634 1156 γὰρ
666 1090 779 1141 οὔτε
809 1090 990 1142 πόντος
1020 1090 1133 1141 οὔτε
1163 1093 1225 1156 γῆ
1256 1089 1430 1156 τρέφει

365 1173 562 1224 τοιόνδ’·
609 1174 635 1222 ὁ
666 1173 707 1223 δ’
737 1173 833 1224 αἰεὶ
863 1172 1117 1240 ξυντυχὼν
1148 1174 1427 1225 ἐπίσταται.

241 1260 333 1308 Χο.
364 1260 516 1322 μηδὲν
548 1257 796 1323 θρασύνου
825 1259 948 1322 μηδὲ
977 1262 1081 1310 τοῖς
1112 1261 1298 1308 σαυτοῦ
1327 1263 1493 1311 κακοῖς

364 1341 422 1392 τὸ
453 1344 579 1404 θῆλυ
610 1341 807 1394 συνθεὶς
837 1343 932 1392 ὧδε
962 1345 1061 1393 πᾶν
1089 1340 1265 1412 μέμψῃ
1294 1339 1457 1407 γένος.

365 1421 571 1489 [πολλαὶ
600 1427 696 1491 γὰρ
726 1425 882 1489 ἡμῶν,
915 1425 964 1477 αἲ
995 1424 1087 1489 μέν
1118 1424 1213 1476 εἰσ’
1243 1426 1528 1490 ἐπίφθονοι,
1801 1429 1904 1478 1185

367 1509 417 1560 αἳ
448 1508 491 1559 δ’
522 1511 592 1562 εἷς
623 1508 830 1575 ἀριθμὸν
859 1514 957 1560 τῶν
990 1514 1151 1560 κακῶν
1179 1506 1508 1575 πεφύκαμεν.]

244 1597 332 1644 Εκ.
367 1592 699 1660 Ἀγάμεμνον,
733 1594 1071 1659 ἀνθρώποισιν
1100 1592 1186 1643 οὐκ
1218 1594 1371 1659 ἐχρῆν
1399 1613 1523 1644 ποτε

365 1682 464 1728 τῶν
493 1675 798 1744 πραγμάτων
827 1677 919 1741 τὴν
948 1675 1193 1744 γλῶσσαν
1226 1676 1421 1744 ἰσχύειν
1452 1675 1624 1728 πλέον·

367 1761 500 1820 ἀλλ’,
535 1764 633 1813 εἴτε
661 1760 842 1829 χρήστ’
874 1761 1070 1827 ἔδρασε,
1103 1759 1283 1829 χρήστ’
1315 1760 1415 1812 ἔδει
1442 1759 1630 1827 λέγειν,

367 1845 455 1897 εἴτ’
489 1846 549 1897 αὖ
579 1844 786 1911 πονηρά,
819 1845 932 1899 τοὺς
961 1846 1145 1912 λόγους
1176 1846 1302 1897 εἶναι
1333 1845 1565 1911 σαθρούς,
1799 1857 1905 1898 1190

369 1929 447 1980 καὶ
475 1929 540 1995 μὴ
575 1930 815 1981 δύνασθαι
846 1929 999 1980 τᾶδικ’
1032 1930 1084 1981 εὖ
1113 1928 1284 1996 λέγειν
1314 1928 1449 1981 ποτέ.

367 2015 522 2081 σοφοὶ
551 2016 641 2079 μὲν
673 2014 759 2065 οὖν
790 2013 885 2066 εἷσ’
916 2016 963 2065 οἱ
993 2012 1097 2065 τάδ’
1128 2013 1479 2080 ἠκριβωκότες,

366 2098 483 2149 ἀλλ’
516 2098 572 2148 οὐ
603 2098 833 2150 δύνανται
863 2100 943 2149 διὰ
972 2097 1149 2151 τέλους
1179 2097 1305 2149 εἶναι
1336 2098 1507 2164 σοφοί,

367 2187 523 2235 κακῶς
553 2182 593 2233 δ’
625 2181 889 2234 ἀπώλοντ’·
936 2182 1068 2235 οὔτις
1099 2180 1307 2246 ἐξήλυξέ
1335 2203 1428 2233 πω.

448 2266 531 2316 καί
555 2285 641 2329 μοι
669 2264 724 2315 τὸ
754 2267 846 2330 μὲν
880 2265 975 2317 σὸν
1004 2269 1100 2318 ὧδε
1130 2267 1384 2333 φροιμίοις
1414 2266 1538 2333 ἔχει·
1801 2278 1902 2319 1195

299 2393 402 2430 1172
433 2383 476 2422 ἐν
497 2380 539 2422 δὲ
564 2381 835 2420 Herwerden
962 2392 1065 2429 1174
1096 2392 1243 2418 cruces
1265 2380 1464 2430 apposuit
1485 2379 1649 2418 Verrall
1669 2393 1678 2418 :
1707 2384 1841 2418 totum
1860 2392 1900 2418 v.

241 2436 322 2475 del.
349 2435 474 2474 Prinz
649 2437 754 2485 1176
781 2436 847 2487 τε]
873 2435 947 2474 τὸν
972 2434 1004 2472 L
1026 2435 1285 2483 (coniecerat
1309 2435 1476 2486 Nauck)
1659 2435 1762 2482 1178
1781 2434 1904 2474 ὅστις

242 2490 360 2530 Stob.
401 2502 464 2540 73.
501 2504 528 2540 9
725 2501 828 2538 1179
868 2489 930 2529 τίς
966 2492 1082 2529 ἐστιν
1115 2488 1155 2526 Α
1321 2489 1437 2542 λέγει
1469 2505 1532 2530 τις
1564 2490 1590 2538 ἢ
1624 2488 1749 2530 πάλιν
1782 2488 1901 2528 Stob.

245 2546 349 2582 1180
378 2545 577 2585 συντιθεὶς
598 2543 717 2583 Stob.
743 2545 806 2595 <et
829 2542 1074 2593 Byzantini)
1202 2545 1304 2582 1182
1333 2543 1496 2584 τοσόνδ’
1520 2543 1580 2582 B:
1611 2544 1660 2584 τὸ
1681 2544 1755 2584 σὸν
1775 2542 1809 2584 δ’
1831 2542 1872 2581 Μ
1895 2557 1905 2581 :

241 2612 347 2639 corr·
375 2599 471 2636 M²b
613 2599 706 2651 αιέὶ]
731 2615 798 2652 γρ.
822 2600 959 2638 αὐταῖς
980 2603 1010 2640 Σ
1030 2597 1070 2635 Μ
1269 2599 1372 2647 1183
1398 2596 1503 2648 μηδὲ
1519 2598 1558 2636 Α
1572 2597 1657 2638 Pl:
1686 2597 1792 2648 μήτε
1811 2596 1899 2636 rell.

241 2657 391 2694 σαυτοῦ
419 2652 648 2693 ABPV²:
691 2655 813 2694 αὐτοῦ
843 2651 932 2691 rell.
1158 2654 1260 2701 1184
1298 2652 1438 2705 μέμφῃ
1467 2651 1617 2691 V²B22
1653 2651 1812 2704 μέμφου
1841 2651 1876 2690 Ρ
1894 2665 1911 2691 ι

241 2720 386 2746 rasura
415 2708 458 2746 in
481 2709 514 2746 L
535 2707 689 2761 (μέμψῃ
719 2707 749 2755 l)
922 2707 1039 2755 1185,
1062 2707 1166 2744 1186
1196 2707 1276 2746 del.
1302 2706 1492 2744 Dindorf.
1554 2707 1595 2747 αἳ
1619 2705 1695 2757 μὲν
1721 2718 1801 2749 om.
1831 2706 1902 2746 M:

242 2762 330 2800 rell.
353 2763 625 2801 consentiunt
642 2763 763 2801 codd.
785 2766 816 2804 Σ
834 2767 875 2800 et
893 2760 1011 2800 Stob.
1029 2762 1095 2810 69,
1117 2762 1167 2799 16
1280 2761 1371 2812 (οὐκ
1387 2773 1467 2810 pro
1485 2759 1561 2802 εἷο-’
1580 2760 1698 2799 Beck
1717 2774 1727 2806 ς
1755 2759 1902 2813 πεφύρ-

240 2821 341 2867 μεθα
360 2830 437 2867 pro
457 2817 695 2870 πεφύκαμεν
715 2815 900 2865 Verrall)
1047 2815 1151 2852 1188
1178 2819 1373 2868 γλῶτταν
1394 2814 1429 2852 L
1443 2814 1478 2853 P
1531 2820 1533 2822 ’
1624 2828 1729 2865 1190
1758 2816 1794 2855 εἰ
1812 2814 1845 2855 δ’
1869 2814 1904 2853 L

244 2883 347 2920 1193
382 2871 555 2913 δύναιντ’
584 2873 633 2912 ἂν
664 2870 893 2921 Byzantini
1047 2881 1149 2918 1194
1187 2870 1247 2908 sic
1278 2869 1312 2908 P
1343 2875 1386 2907 et
1415 2869 1656 2919 gnomolog.
1690 2867 1916 2913 Venetum,

241 2923 428 3019 Ηὲιὲείἰς
473 2926 686 2967 ἀπώλοντο
722 2926 854 2966 nothus
891 2923 979 2962 rell.
1200 2936 1302 2974 1195
1346 2922 1421 2964 ὧδε
1458 2923 1715 2973 Byzantini:
1757 2922 1825 2965 ὧδ’
1861 2926 1904 2965 ἐν

239 2992 290 3017 co
353 3010 364 3020 .

2072 110 2118 214 *³33³*

2093 305 2114 323 Σ.
2104 288 2110 299 -<
2092 218 2115 282 503?-
