2118 3366
621 422 1366 507 ΗΡΑΚΛΕΙᾼΑΙ

88 684 91 687 ,
160 637 400 676 ῐοΛΑοΣ

285 712 457 764 Πάλαι
488 711 598 765 ποτ’
630 711 740 764 ἐστὶ
770 711 901 763 τοῦτ’
933 712 1043 777 ἐμοὶ
1074 711 1390 780 δεδογμένον·

283 793 310 848 ο
338 799 431 862 μὲν
461 798 649 850 δίκαιος
679 801 783 849 τοῖς
815 795 973 849 πέλας
1003 796 1185 864 πέφυκ’
1218 797 1356 864 ἀνήρ,

284 878 316 930 ὅ
342 880 384 931 δ’
418 882 468 934 ἐς
497 880 554 932 τὸ
587 879 757 946 κέρδος
785 879 903 945 λῆμ’
936 879 1068 947 ἔχων
1100 881 1361 946 ἀνειμένον

285 965 432 1016 πόλει
460 964 504 1015 τ’
535 964 787 1032 ἄχρηστος
820 963 898 1015 καὶ
931 964 1313 1017 συναλλάσσειν
1343 969 1518 1034 βαρύς,

285 1049 413 1118 αὐτῷ
445 1048 486 1099 δ’
518 1048 734 1115 ἄριστος·
780 1049 889 1100 οῖδα
919 1048 961 1098 δ’
993 1048 1049 1099 οὐ
1079 1051 1216 1119 λόγῳ
1247 1052 1435 1115 μαθών.

1807 1070 1833 1114 u:

369 1133 467 1199 ἐγὼ
498 1134 593 1199 γὰρ
623 1134 757 1183 αἰδοῖ
786 1132 864 1183 καὶ
894 1132 950 1183 τὸ
982 1136 1224 1200 συγγενὲς
1258 1134 1446 1199 σέβων,

286 1213 399 1279 ἐξὸν
430 1216 535 1267 κάτ’
558 1215 745 1282 Ἀργος
774 1215 979 1283 ἡσύχως
1009 1219 1180 1277 ναίειν,
1215 1219 1383 1270 πόνων

285 1301 541 1353 πλείστων
568 1299 822 1368 μετέσχον
853 1301 923 1353 εἵς
953 1300 1076 1367 ἀνὴρ
1105 1300 1389 1368 εΗροικλέει,

285 1383 358 1434 ὅτ’
388 1384 449 1449 ἤν
477 1383 586 1449 μεθ’
614 1384 769 1449 ἡμῶν·
817 1388 903 1435 νῦν
934 1384 991 1442 δ’,
1027 1385 1132 1436 ἐπεὶ
1166 1386 1269 1436 κατ’
1302 1387 1511 1453 οὐρανὸν

283 1468 425 1527 ναίει,
459 1469 521 1519 τᾶ
552 1469 714 1520 κείνου
743 1467 873 1519 τέκν’
905 1468 1038 1536 ἔχων
1066 1469 1163 1522 ὑπὸ
1195 1476 1393 1537 πτεροῖς
1781 1492 1834 1523 10

285 1548 422 1621 σῴζω
452 1551 557 1603 τάδ’
588 1551 734 1605 αὐτὸς
767 1553 998 1617 δεόμενος
1030 1555 1292 1621 σωτηρίας.

285 1635 392 1687 ἐπεὶ
422 1637 517 1702 γὰρ
548 1635 707 1687 αὐτῶν
742 1639 833 1702 γῆς
864 1636 1168 1705 ἀπηλλάχθη
1202 1638 1378 1706 πατήρ,

284 1725 479 1787 πρῶτον
509 1722 600 1785 μὲν
630 1720 757 1785 ἡμᾶς
789 1719 927 1784 ἤθελ’
960 1721 1244 1787 Εὐρυσθεὺς
1277 1729 1486 1777 κτανεῖν·

284 1803 401 1856 ἀλλ’
432 1802 714 1870 ἐξέδραμεν·
764 1804 843 1855 καὶ
876 1806 1021 1858 πόλις
1050 1809 1143 1871 μὲν
1174 1809 1382 1874 οἴχεται,

284 1887 426 1956 ψυχὴ
458 1887 501 1939 δ”
533 1889 717 1953 ἐσώθη.
806 1889 1061 1955 φεύγομεν
1091 1890 1132 1941 δ’
1165 1891 1412 1957 ἀλώμενοι
1786 1915 1832 1955 15

283 1971 446 2037 ἄλλην
478 1972 562 2024 ἀπ’
594 1972 754 2037 ἄλλης
786 1970 1088 2038 ἐξορίζοντες
1119 1976 1283 2027 πόλιν.

287 2056 409 2122 πρὸς
438 2062 541 2109 τοῖς
570 2059 664 2124 γὰρ
696 2056 873 2110 ἄλλοις
906 2058 984 2109 καὶ
1014 2059 1114 2109 τόδ’
1149 2060 1433 2126 Εὐρυσθεὺς
1466 2068 1630 2118 κακοῖς

283 2140 491 2207 ὕβρισμ’
524 2143 574 2194 ἐς
604 2141 730 2205 ἡμᾶς
760 2141 977 2206 ἠξίωσεν
1006 2143 1232 2208 ὑβρίσαι·

286 2223 494 2290 πέμπων
524 2225 646 2277 ὅπου
677 2228 767 2292 γῆς
798 2224 1083 2278 πυνθάνοιθ’
1117 2227 1399 2294 ἱδρυμένους

288 2307 493 2375 κήρυκας
525 2308 711 2373 ἐξαιτεῖ
737 2331 791 2361 τε
822 2309 1069 2377 κάξείργει
1098 2314 1296 2379 χθονός,
1784 2336 1832 2363 20

286 2394 436 2445 πόλιν
466 2395 739 2460 προτείνων
763 2392 951 2460 ’Ἄργος
981 2395 1038 2446 οὐ
1070 2397 1280 2463 σμικρὸν
1312 2400 1470 2465 φίλην

287 2476 472 2545 ἐχθράν
502 2498 557 2530 τε
587 2477 779 2536 θέσθαι,
813 2478 998 2546 χαὺτὸν
1030 2479 1312 2548 εὐτυχοῦνθ’
1345 2481 1460 2548 ἅμα.

219 2608 236 2634 1
285 2595 388 2634 Iolai
423 2600 567 2634 notam
602 2608 685 2634 orn.
725 2596 770 2644 L,
809 2597 903 2635 add.
943 2596 993 2635 L²
1026 2603 1098 2636 aut
1132 2597 1150 2635 l
1285 2599 1410 2640 τοῦτό
1443 2617 1510 2650 μοι
1546 2600 1665 2640 Stob.
1707 2615 1767 2642 10.
1810 2617 1828 2643 1

162 2663 187 2698 4
234 2650 368 2702 φίλοις
405 2650 442 2689 τ’
481 2680 489 2688 .
532 2680 540 2688 .
582 2680 590 2689 .
633 2650 882 2702 συναλλάξαι
924 2650 1041 2690 Stob.
1283 2666 1307 2702 5
1358 2657 1463 2705 αὐτῷ
1505 2655 1618 2694 LP:
1666 2670 1773 2697 corr.
1816 2664 1832 2696 l

161 2706 188 2744 8
217 2703 429 2758 Ἡρακλέει
457 2704 652 2744 Porson:
681 2706 877 2759 Ἡρακλεῖ
895 2705 988 2756 LP,
1012 2711 1100 2744 tum
1129 2708 1183 2747 ὢν
1212 2709 1389 2757 addunt,
1413 2710 1454 2747 in
1489 2723 1621 2760 marg.
1646 2710 1708 2759 L‘²‚
1733 2719 1829 2762 post

162 2760 261 2812 ἁνὴρ
284 2758 333 2797 1³²
518 2771 568 2797 10
596 2759 782 2800 τάκείνου
804 2760 837 2797 L
858 2774 867 2798 t
896 2760 1082 2800 κάκείνου
1104 2760 1136 2799 Ρ
1325 2776 1373 2812 14
1406 2763 1618 2816 ἐξέδραμεν
1640 2765 1826 2805 Reiske:

164 2813 376 2866 ἐξέδραμον
392 2813 425 2851 L
441 2813 475 2851 P
658 2826 707 2852 21
744 2814 963 2866 προτείνων
993 2814 1174 2856 Canter:
1214 2821 1419 2870 προτιμῶν
1449 2818 1482 2856 L
1499 2818 1532 2856 P
1663 2823 1830 2874 σμικρὸν

162 2866 450 2907 Wilamowitz
470 2867 520 2907 cl.
545 2867 681 2907 Andr.
705 2870 782 2908 86:
816 2870 986 2921 σμικρὰν
1009 2869 1042 2907 L
1061 2870 1094 2907 P
1302 2885 1369 2920 21,
1393 2886 1444 2910 22
1466 2873 1592 2924 φίλην
1614 2874 1763 2927 ἐχθράν
1782 2893 1829 2916 τε

163 2927 261 2972 post
283 2922 568 2972 Musgravium
586 2923 676 2973 (qui
698 2926 852 2975 φιλεῖν)
874 2923 1062 2962 Dindorf
1075 2939 1084 2963 ι
1114 2924 1246 2977 φίλων
1267 2926 1415 2978 ἔχθραν
1434 2944 1483 2980 γε
1507 2928 1539 2965 L
1557 2929 1589 2965 P
