2118 3366
926 113 1370 162 ΕΥΡΙΠΙΔΟΥ

433 244 626 309 ποτῆρα
654 240 696 292 δ’
727 242 783 293 ἐν
811 242 1045 309 χείρεσσι
1077 242 1309 294 κίσσινον
1336 242 1519 307 λαβὼν

433 326 565 377 πίνει
592 326 833 390 μελαίνης
861 323 1045 392 μητρὸς
1077 325 1288 391 εὔζωρον
1315 325 1456 390 μέθυ,

435 408 527 461 ἕως
557 407 784 475 ἐθέρμην’
815 407 966 460 αὐτὸν
998 408 1275 475 ἀμφιβᾶσα
1306 408 1448 475 φλὸξ

433 493 584 543 οἵνου·
633 491 814 558 στέφει
844 494 898 543 δὲ
930 495 1082 557 κρᾶτα
1111 493 1354 558 μυρσίνης
1385 491 1587 546 κλάδοις

432 574 611 640 ἄμουσ’
641 576 885 626 ὑλακτῶν·
931 577 1088 626 δισσὰ
1119 574 1160 626 δ’
1192 574 1253 639 ἦν
1281 574 1411 640 μέλη
1446 576 1631 628 κλύειν·
1897 583 1977 637 760

433 657 459 709 ὃ
489 661 581 723 μὲν
610 660 706 725 γὰρ
733 657 832 730 ᾖδε,
865 663 963 709 τῶν
996 660 1048 709 ἐν
1079 657 1327 723 Ἀδμήτου
1358 664 1520 711 κακῶν

433 742 577 793 οὐδὲν
607 747 874 808 προτιμῶν,
909 741 1095 793 οἰκέται
1126 741 1168 793 δ’
1200 744 1467 807 ἐκλαίομεν

434 825 722 877 δέσποιναν·
770 827 904 890 ὄμμα
933 825 975 876 δ’
1006 825 1092 876 οὐκ
1125 827 1408 891 ἐδείκνυμεν
1439 825 1563 897 ξένῳ

434 908 715 976 τέγγοντες·
754 907 1008 974 ’Ἄδμητος
1038 911 1133 976 γὰρ
1163 909 1246 961 ὧδ’
1279 911 1469 977 ἐφίετο.

436 993 515 1044 καὶ
547 997 631 1044 νῦν
663 994 761 1059 ἐγὼ
791 995 882 1057 μὲν
915 995 968 1044 ἐν
999 994 1228 1058 δόμοισιν
1260 997 1410 1045 ἑστιῶ
1907 1000 1982 1053 765

435 1076 595 1141 ξένον,
630 1081 911 1144 πανοῦργον
944 1082 1118 1128 κλῶπα
1149 1078 1228 1129 καὶ
1259 1076 1456 1148 λῃστήν
1487 1099 1612 1138 τινα,

433 1159 464 1225 ἢ
495 1160 537 1211 δ’
569 1162 622 1211 ἐκ
653 1161 815 1225 δόμων
845 1160 1087 1225 βέβηκεν,
1121 1160 1222 1212 οὐδ’
1257 1162 1556 1229 ἐφεσπόμην

436 1245 537 1296 οὐδ’
569 1243 790 1308 ἐξέτεινα
819 1244 962 1312 χεῖρ’,
996 1245 1291 1310 ἆποιμώζων
1323 1245 1446 1310 ἐμὴν

437 1328 724 1387 δέσποιναν,
758 1327 788 1392 ἢ
820 1328 918 1393 ’μοὶ
949 1330 1085 1381 πᾶσί
1109 1328 1152 1379 τ’
1184 1328 1459 1381 οἰκέταισιν
1490 1328 1554 1394 ἧν

434 1411 610 1479 μήτηρ·
657 1417 819 1464 κακῶν
849 1414 945 1480 γὰρ
975 1413 1160 1479 μυρίων
1194 1413 1408 1480 ἐρρύετο,
1902 1426 1982 1472 770

435 1498 587 1564 ὀργᾶς
615 1495 938 1561 μαλάσσουσ’
972 1498 1165 1563 ἀνδρός.
1256 1498 1351 1563 ἆρα
1380 1497 1468 1549 τὸν
1498 1496 1643 1562 ξένον

440 1586 607 1647 στυγῶ
639 1582 852 1639 δικαίως,
885 1582 941 1632 ἐν
971 1586 1137 1634 κακοῖς
1169 1581 1474 1648 ἆφιγμένον,·

315 1668 410 1730 Ηρ.
437 1666 595 1724 οὗτος,
628 1665 679 1715 τί
706 1664 894 1730 σεμνὸν
925 1666 1004 1716 καὶ
1035 1665 1369 1732 πεφροντικὸς
1400 1665 1638 1731 βλέπεις;

437 1749 493 1800 οὐ
524 1748 620 1817 χρὴ
654 1748 947 1815 σκυθρωπὸν
979 1754 1081 1802 τοῖς
1111 1747 1271 1813 ξένοις
1301 1749 1388 1801 τὸν
1419 1750 1715 1816 πρόσπολον

438 1833 580 1892 εἶναι,
614 1832 852 1900 δέχεσθαι
883 1832 924 1884 δ’
957 1833 1313 1903 εὐπροσηγόρῳ
1347 1835 1511 1900 φρενί.
1906 1846 1983 1891 775

439 1917 503 1968 σὺ
533 1917 575 1968 δ’
606 1915 740 1981 ἄνδρ’
772 1920 967 1983 ἑταῖρον
998 1918 1246 1969 δεσπότου
1277 1917 1483 1984 παρόνθ’
1515 1918 1658 1985 ὁρῶν,

441 2007 637 2071 στυγνῷ
669 2002 920 2070 προσώπῳ
955 2001 1033 2052 καὶ
1064 2001 1478 2071 συνωφρυωμένῳ

437 2084 578 2156 δέχῃ,
613 2086 813 2152 θυραίου
843 2084 1067 2150 πήματος
1099 2085 1323 2149 σπουδὴν
1354 2085 1502 2153 ἔχων.

439 2169 566 2234 δεῦρ’
598 2168 720 2228 ἔλθ’,
754 2170 889 2222 ὅπως
919 2168 981 2221 ἂν
1014 2170 1092 2221 καὶ
1124 2170 1412 2237 σοφώτερος
1443 2169 1580 2241 γένῃ.

437 2255 499 2304 τὰ
531 2255 685 2318 θνητὰ
715 2252 961 2320 πράγματ’
994 2254 1129 2306 οἶδας
1159 2252 1221 2318 ἣν
1253 2254 1358 2322 ἔχει
1391 2254 1571 2319 φύσιν;
1908 2260 1985 2311 780

436 2337 573 2402 οἶμαι
601 2339 693 2402 μὲν
724 2338 797 2388 οὔ·
843 2338 998 2389 πόθεν
1028 2337 1148 2404 γάρ,·
1196 2337 1311 2389 ἀλλ’
1341 2336 1489 2389 ἄκουέ
1516 2358 1627 2403 μου.

437 2427 642 2488 βροτοῖς
672 2421 831 2473 ἅπασι
865 2425 1125 2474 κατθανεῖν
1156 2423 1433 2490 ὀφείλεται,

440 2505 555 2556 κούκ
586 2505 696 2556 ἔστι
728 2509 918 2570 θνητῶν
949 2507 1090 2560 ὅστις
1121 2505 1442 2571 ἐξεπίσταται

437 2589 527 2653 τὴν
558 2590 726 2657 αὔριον
755 2589 1049 2651 μέλλουσαν
1082 2592 1124 2642 εἶ
1155 2591 1418 2655 βιώσεται·
1953 2595 1995 2634 22‘

394 2708 448 2755 56
486 2706 672 2760 χείρεσσι
703 2707 966 2759 Βακχεῖρεσι
995 2707 1149 2745 VLP.
1209 2707 1573 2760 Nilsmmandum.
1634 2707 1700 2745 Vo
1826 2723 1856 2746 π
1908 2709 1985 2758 ἣρα

312 2760 366 2798 ha
398 2760 458 2799 uit
477 2766 509 2804 Σ
641 2761 720 2811 759
748 2754 940 2814 μῴσίνης
962 2762 1143 2800 Canter:
1174 2761 1379 2818 μυρόίνοις
1400 2762 1523 2814 ςρᾰά.
1638 2758 1732 2821 760,
1750 2763 1826 2810 761
1860 2764 1896 2801 δι
1930 2763 1984 2801 σὰ

312 2815 349 2855 δ’
369 2814 387 2870 a}
407 2845 416 2854 .
440 2846 449 2855 .
470 2814 544 2869 ᾖδε
562 2829 641 2855 om.
662 2817 696 2854 L
711 2816 745 2854 P
763 2830 772 2854 :
801 2816 897 2862 add.
914 2816 932 2853 l
1067 2818 1144 2865 767
1168 2815 1388 2870 Ἰνἐφεπόμην
1402 2815 1455 2857 V}
1578 2817 1658 2865 769
1686 2816 1711 2864 ἡ
1728 2814 1905 2866 ’μοὶἮει
1937 2829 1981 2853 e-

312 2868 440 2923 fielid:
474 2870 500 2918 ἥ
520 2871 731 2920 μοιτοάἀ.
902 2871 982 2919 780
1011 2871 1120 2911 οἶδας
1133 2871 1263 2914 ,c'odd.
1291 2870 1411 2922 (οἶσθ’
1435 2861 1473 2919 Ιῖ,
1491 2869 1930 2914 testefWilamowitzi

312 2929 356 2963 et
376 2928 471 2980 23³¹*
493 2924 702 2979 Plutarch.
726 2924 886 2965 consol.
906 2926 960 2963 ad
976 2924 1118 2979 Apoll.
1140 2937 1186 2964 11
1345 2926 1420 2974 781
1455 2913 1708 2977 oYpuzffBoniiae
1727 2923 1955 2963 Plutarchu

313 2981 393 3028 783
424 2980 540 3019 ἔστιν
560 2982 691 3020 αὐτῶν
712 2980 962 3049 ΡΙιιῑειι-οὴιιε
993 2987 1073 3070 ss
1827 2989 1829 2991 ’

919 3078 921 3080 .
935 3068 991 3084 αμα·
