2118 3366
827 143 1148 192 ΜΗΔΕΙΑ

156 279 250 326 Χο.
283 274 348 328 ὡς
375 271 534 325 οὐκέτ’
564 273 723 325 ὄντων
755 276 861 323 σῶν
891 270 1079 323 τέκνων
1110 270 1344 338 φρόντιζε
1373 267 1449 334 δή.

158 363 232 410 Ια.
283 361 379 409 ποῦ
406 355 501 423 γάρ
531 377 608 408 νιν
638 354 837 415 ἔκτειν’,·
887 354 1028 407 ἐντὸς
1056 350 1086 418 ἢ
1119 352 1304 417 ἔξωθεν
1334 353 1524 417 δόμων,·

155 445 249 492 Χο.
280 442 441 494 πύλας
469 437 670 503 ἀνοίξας
700 444 805 490 σῶν
834 437 1020 490 τέκνων
1051 439 1157 509 ὄψῃ
1190 437 1364 504 φόνον.

158 529 230 579 Ια.
281 527 475 592 χαλᾶτε
506 527 690 596 κλῇδας
721 523 785 576 ὡς
814 521 1048 590 τάχιστα,
1082 522 1383 588 πρόσπολοι,

283 607 475 660 ἐκλύεθ’
507 606 705 673 ἆρμούς,
741 606 805 661 ὡς
835 608 924 658 ἴδω
956 610 1163 658 διπλοῦν
1195 605 1360 662 κακόν,
1725 621 1827 660 1315

281 692 395 746 τοὺς
422 694 514 758 μὲν
544 690 951 754 θανόντας-τὴν
981 693 1034 742 δὲ
1063 690 1306 754 τείσωμαι
1337 689 1492 753 δίκην.

157 780 261 842 Μη.
281 777 333 827 τί
358 774 513 828 τάσδε
543 779 692 828 κινεῖς
725 774 1117 842 κᾶναμοχλεύεις
1147 774 1324 832 πύλας,

279 859 479 927 νεκροὺς
511 862 718 926 ἐρευνῶν
752 859 874 924 κάμὲ
903 858 993 923 τὴν
1025 857 1382 926 εἷργασμένην;

282 948 471 996 παῦσαι
501 944 654 996 πόνου
685 942 835 994 τοῦδ’.
883 945 925 994 εἷ
957 943 1000 993 δ’
1032 944 1151 1007 ἐμοῦ
1178 943 1354 1009 χρείαν
1386 941 1533 1008 ἔχεις,

278 1026 403 1094 λέγ’,
438 1029 486 1079 εἴ
510 1049 557 1078 τι
586 1028 769 1098 βούλῃ,
803 1028 934 1094 χειρὶ
965 1026 1006 1078 δ’
1036 1026 1093 1077 οὗ
1121 1027 1341 1093 ψαύσεις
1372 1024 1511 1076 ποτέ.
1723 1041 1829 1081 1320

278 1111 456 1162 τοιόνδ’
489 1113 655 1179 ὄχημα
685 1110 871 1177 πατρὸς
892 1109 1081 1162 “Ήλιος
1110 1109 1272 1176 πατὴρ

279 1196 485 1246 δίδωσιν
515 1195 647 1260 ἡμῖν,
682 1195 836 1262 ἔρυμα
866 1196 1106 1259 πολεμίας
1134 1195 1298 1262 χερός.

155 1283 228 1331 Ια.
280 1277 317 1330 ὦ
348 1284 513 1343 μῖσος,
546 1275 583 1328 ὦ
613 1277 855 1345 μέγιστον
886 1279 1094 1345 ἐχθίστη
1125 1279 1270 1345 γύναι

282 1365 413 1416 θεοῖς
441 1383 497 1414 τε
527 1362 672 1427 κάμοὶ
703 1364 856 1414 παντί
882 1362 925 1412 τ’
958 1363 1230 1429 ἀνθρώπων
1259 1360 1410 1429 γένει,

279 1446 386 1510 ἥτις
414 1445 635 1497 τέκνοισι
668 1451 839 1498 σοῖσιν
871 1448 1117 1512 ἐμβαλεῖν
1146 1446 1295 1513 ξίφος
1721 1462 1824 1503 1325

279 1529 426 1595 ἔτλης
454 1534 683 1588 τεκοῦσα,
719 1530 830 1595 κᾶμ’
862 1529 1028 1583 ἄπαιδ’
1060 1531 1345 1583 ἀπώλεσας·

279 1614 358 1665 καὶ
386 1618 538 1665 ταῦτα
567 1611 781 1681 δράσασ’
812 1615 960 1679 ἥλιόν
991 1636 1045 1666 τε
1074 1613 1420 1681 προσβλέπεις

280 1699 360 1750 καὶ
389 1704 553 1766 γαῖαν,
586 1698 733 1765 ἔργον
763 1702 931 1750 τλᾶσα
962 1698 1393 1763 δυσσεβέστατον·

278 1782 423 1834 ὅλοι’·
468 1784 566 1850 ἐγὼ
599 1785 652 1834 δὲ
684 1788 769 1834 νῦν
800 1788 988 1850 φρονῶ,
1022 1783 1123 1833 τότ’
1157 1783 1212 1833 οὗ
1243 1788 1459 1850 φρονῶν,

278 1866 350 1917 ὅτ’
384 1869 436 1919 ἐκ
466 1867 631 1932 δόμων
663 1888 724 1919 σε
753 1864 1021 1934 βαρβάρου
1051 1867 1094 1917 τ’
1126 1867 1223 1919 ἀπὸ
1253 1866 1436 1934 χθονὸς
1722 1883 1827 1922 1330

268 1947 484 2015 ’Ἕλλην’
513 1953 565 2004 ἐς
594 1950 730 2002 οἶκον
761 1951 971 2017 ἠγόμην,
1008 1950 1157 2002 κακὸν
1186 1950 1332 2018 μέγα,

278 2035 466 2102 πατρός
494 2056 550 2087 τε
580 2036 658 2087 καὶ
688 2038 780 2102 γῆς
810 2036 1043 2103 προδότιν
1073 2036 1106 2099 ἤ
1139 2035 1188 2085 σ’
1218 2034 1488 2102 ἐθρέψατο.

277 2118 366 2171 τὸν
398 2118 493 2170 σὸν
522 2118 563 2170 δ’
596 2118 836 2186 ἆλάστορ’
869 2122 938 2172 εἷς
970 2119 1045 2184 ἔμ’
1077 2119 1313 2186 ἔσκηψαν
1345 2121 1466 2171 θεοί·

279 2208 526 2255 κτανοῦσα
555 2204 650 2270 γὰρ
683 2203 740 2268 δὴ
775 2203 868 2255 σὸν
901 2203 1046 2255 κάσιν
1070 2202 1342 2271 παρέστιον

275 2287 332 2339 τὸ
364 2289 709 2357 καλλίπρῳρον
742 2287 951 2353 εἶσέβης
981 2287 1190 2355 Ἀργοῦς
1223 2286 1436 2355 σκάφος.
1721 2304 1824 2343 1335

274 2371 407 2439 ἤρξω
437 2375 530 2438 μὲν
561 2374 615 2424 ἐκ
648 2376 866 2424 τοιῶνδε·
912 2376 1258 2439 νυμφευθεῖσα
1287 2375 1340 2424 δὲ

209 2500 312 2538 1314
343 2491 506 2530 κλεῖδας
526 2487 566 2527 Α
750 2501 853 2539 1315
885 2492 1010 2530 διπλᾶ
1031 2490 1134 2530 κακὰ
1152 2488 1193 2527 Α
1383 2490 1488 2537 1316
1516 2488 1690 2539 τῖσωμαι
1711 2489 1826 2538 δίκην

152 2541 263 2582 LP:
301 2543 466 2594 τίσομαι
493 2543 603 2595 φόνῳ
630 2543 772 2582 AVB
804 2544 939 2594 (δίκην
969 2556 1183 2594 suprascr.
1217 2543 1274 2594 v).
1332 2543 1531 2584 τίσουσαν
1561 2543 1688 2595 φόνον
1709 2543 1825 2583 Weil

154 2609 255 2647 1317
287 2598 367 2639 ἅνω
398 2599 463 2639 ἐπὶ
492 2600 613 2651 ὕψους
646 2600 730 2651 (ἐπὶ
761 2602 835 2639 τοῦ
864 2597 1020 2651 πύργου
1052 2598 1106 2651 Β)
1142 2601 1307 2639 ἑστῶσα
1335 2601 1466 2639 ταῦτα
1494 2596 1611 2649 λέγει
1641 2603 1672 2641 Σ
1783 2600 1826 2639 τί

150 2651 278 2693 τάσδε
297 2682 308 2693 .
333 2682 345 2693 .
365 2683 376 2693 .
401 2652 553 2704 πύλας]
575 2653 618 2694 τί
638 2653 786 2694 τούσδε
815 2657 938 2695 κινεῖς
961 2653 1285 2705 κάναμοχλεύεις
1305 2652 1456 2704 λόγους
1470 2670 1485 2699 ;
1515 2652 1581 2690 bis
1602 2652 1706 2692 Chr.
1730 2653 1820 2693 Pat.

154 2718 228 2746 121
260 2713 304 2746 et
329 2719 424 2758 437.
481 2707 548 2748 Cf.
569 2707 643 2746 Ar.
673 2707 781 2747 Nub.
813 2721 915 2758 1397
947 2708 976 2748 ὦ
1009 2713 1155 2749 καινῶν
1188 2711 1294 2748 ἐπῶν
1324 2707 1469 2755 κινητὰ
1499 2708 1564 2748 καὶ
1593 2708 1820 2759 μοχλευτοί,

150 2767 193 2800 et
214 2761 384 2802 Heliod.
407 2761 665 2813 Aethiopica
685 2763 710 2804 i.
736 2765 762 2802 8
783 2764 826 2804 τί
845 2766 975 2804 ταῦτα
996 2766 1120 2803 κινεῖς
1140 2761 1463 2814 κᾶναμοχλεύεις
1473 2780 1489 2809 ;
1623 2774 1728 2809 1320
1753 2779 1822 2816 γρ.

149 2818 228 2868 οὐχ
249 2815 329 2870 ἅψῃ
349 2830 376 2855 v
598 2830 701 2868 1321
734 2817 853 2866 ἡλίου
875 2818 908 2855 L
923 2817 982 2855 P:
1024 2830 1132 2856 corr.
1153 2824 1186 2868 p
1413 2829 1517 2867 1322
1557 2816 1699 2870 ἔρυμα]
1721 2820 1825 2870 ῥῦμα

151 2870 206 2910 Η.
231 2870 364 2919 Wolf,
384 2877 514 2924 recte,
536 2877 639 2923 puto
838 2873 943 2920 1326
972 2872 1040 2912 καί
1058 2873 1098 2922 μ’
1117 2871 1158 2910 Α
1363 2872 1468 2921 1328
1497 2875 1638 2913 τλᾶσα
1655 2871 1744 2910 AV
1758 2872 1793 2910 B
1813 2886 1822 2910 :

149 2929 284 2978 δρῶσα
306 2926 339 2964 L
354 2925 388 2964 P
612 2939 716 2977 1330
755 2926 888 2977 δόμων
912 2926 1052 2964 AVB
1071 2939 1079 2963 :
1121 2925 1245 2976 δόμου
1272 2926 1305 2964 L
1323 2926 1356 2964 P
1524 2926 1593 2977 σε]
1614 2943 1680 2979 γρ.
1705 2941 1779 2967 σου
1798 2940 1824 2965 v

154 2992 255 3029 1333
285 2982 358 3022 τὸν
379 2982 454 3022 σὺν
473 2982 508 3023 δ’
533 2981 566 3020 L
581 2981 615 3020 P
635 2996 644 3021 :
679 2983 753 3022 τὸν
773 2982 848 3022 σὺν
866 2980 906 3019 Α
921 2980 959 3019 V
973 2979 1023 3018 B¹
1048 2979 1114 3032 (τὸ
1135 2982 1210 3022 σὺν
1232 2980 1284 3031 Β)
1305 2994 1313 3020 :
1355 2984 1438 3021 τῶν
1460 2984 1543 3022 σῶν
1564 2980 1793 3021 Wecklein
