2118 3366
858 191 1253 259 EKABH

706 688 1067 738 ΎΠΟΘΕΣΙΣ
1127 690 1405 738 ΕΚΑΒΗΣ

278 825 397 869 Μετὰ
413 824 488 880 τὴν
507 823 638 869 Ἰλίου
653 825 904 882 πολιορκίαν
920 826 959 868 οἱ
970 825 1019 882 με’
1024 843 1047 869 ν
1059 825 1266 882 ’Έλληνες
1283 825 1342 869 εἷς
1358 825 1433 880 τὴν
1449 823 1674 882 ἀντιπέραν
1690 824 1887 883 Τρῳάδος

218 900 491 954 Χερρόνησον
509 896 884 956 καθωρμίσθησαν·
912 895 1139 955 Ἀχιλλεὺς
1162 898 1206 942 δέ
1231 898 1376 943 νυκτὸς
1398 897 1566 955 ὁραθεὶς
1588 897 1779 955 σφάγιον
1795 894 1884 954 ᾗτει

215 969 314 1025 μίαν
334 973 418 1014 τῶν
438 970 682 1029 θυγατέρων
709 973 787 1015 τοῦ
810 971 1019 1028 Πριάμου.
1082 972 1122 1014 οἱ
1148 972 1226 1027 μὲν
1255 970 1560 1027 οῧνι“Ἐλληνες
1583 975 1784 1028 τιμῶντες
1813 973 1889 1015 τὸν

216 1041 327 1099 ἥρωα
342 1043 592 1100 Πολυξένην
607 1043 941 1088 ἀποσπάσαντες
955 1040 1139 1100 Ἐκάβης
1153 1044 1449 1102 ἐσφαγίασαν·
1481 1043 1787 1102 Πολυμήστωρ
1802 1045 1847 1087 δέ
1863 1046 1886 1087 ὁ

213 1118 296 1159 τῶν
311 1119 488 1173 Θρᾳκῶν
507 1115 719 1170 βασιλεὺς
734 1115 806 1160 ἕνα
821 1119 902 1159 τῶν
917 1117 1164 1174 Πριαμιδῶν
1178 1116 1442 1174 Πολύδωρον
1457 1116 1664 1173 ἔσφαξεν.
1717 1116 1886 1174 εἰλήφει
1913 1132 1936 1172 5

215 1187 261 1230 δὲ
292 1191 446 1233 τοῦτον
473 1189 588 1246 παρὰ
617 1191 693 1231 τοῦ
717 1189 912 1245 Πριάμου
938 1190 961 1231 ὁ
984 1188 1287 1248 Πολυμήστωρ
1316 1190 1372 1235 εἷς
1401 1189 1758 1247 παρακαταθήκην
1781 1191 1887 1247 μετὰ

215 1263 456 1318 χρημάτων.
516 1260 707 1317 ἁλούσης
731 1260 777 1304 δέ
800 1262 874 1316 τῆς
898 1263 1079 1318 πόλεως,
1104 1266 1337 1319 κατασχεῖν
1369 1263 1499 1320 αὐτοῦ
1528 1264 1793 1320 βουλόμενος
1814 1265 1890 1307 τὸν

213 1335 403 1379 πλοῦτον
425 1334 620 1393 φονεύειν
642 1335 815 1391 ὥρμησε
842 1334 909 1377 καὶ
932 1334 1083 1392 φιλίας
1105 1334 1405 1392 δυστυχούσης
1427 1337 1718 1394 ὠλιγώρησεν.
1773 1336 1885 1393 ε’κρι-

212 1408 370 1465 φέντος
392 1408 438 1452 δὲ
459 1411 535 1453 τοῦ
557 1410 755 1466 σώματος
777 1408 834 1453 εἷς
859 1409 934 1465 τὴν
955 1407 1200 1464 θάλασσαν,
1224 1408 1389 1453 κλύδων
1409 1411 1516 1468 πρὸς
1537 1411 1612 1454 τὰς
1632 1413 1714 1453 τῶν
1735 1410 1885 1467 αἰχμα-

212 1481 404 1525 λωτίδων
433 1482 592 1537 σκηνὰς
626 1483 754 1526 αὐτὸν
790 1479 1011 1536 ἐξέβαλεν.
1092 1478 1252 1538 Ἑκάβη
1287 1482 1333 1525 δέ
1365 1483 1438 1526 τὸν
1470 1483 1614 1539 νεκρὸν
1646 1483 1887 1541 θεασαμένη

212 1554 390 1613 ἐπέγνω·
423 1556 711 1613 κοινωσαμένη
744 1556 790 1599 δὲ
822 1555 897 1611 τὴν
929 1557 1098 1614 γνώμην
1127 1554 1427 1613 Ἀγαμέμνονι,
1455 1555 1774 1613 Πολυμήστορα
1805 1557 1888 1602 σῦν

212 1629 299 1672 τοῖς
319 1627 468 1671 παισὶν
495 1628 624 1672 αὐτοῦ
658 1629 713 1673 ὡς
743 1628 893 1684 ἑαυτὴν
916 1629 1236 1686 μετεπέμψατο,
1262 1627 1510 1686 κρύπτουσα
1539 1631 1588 1673 τὸ
1617 1631 1808 1688 γεγονός,
1831 1631 1887 1676 ὡς

211 1699 280 1745 ἵνα
301 1700 544 1760 θησαυροὺς
565 1703 611 1747 ἐν
632 1701 745 1761 Ἰλίῳ
767 1701 935 1759 μηνύσῃ
960 1703 1087 1761 αὐτῷ·
1119 1705 1470 1762 παραγενομένων
1493 1703 1538 1746 δέ
1560 1703 1658 1749 τοὺς
1680 1704 1755 1761 μὲν
1772 1705 1886 1750 υἱοὺς

212 1774 501 1833 κατέσφαξεν,
525 1777 652 1821 αὐτὸν
684 1776 730 1820 δὲ
762 1778 836 1832 τῆς
867 1777 1059 1834 ὁράσεως
1084 1776 1334 1835 ε’στέρησεν.
1396 1776 1466 1821 ε’πὶ
1487 1777 1533 1820 δέ
1562 1781 1646 1821 τῶν
1667 1775 1888 1835 Ἑλλήνων

211 1848 403 1907 λέγουσα
424 1851 496 1893 τὸν
519 1850 754 1909 κατήγορον
775 1851 982 1907 ἐνίκησεν·
1016 1851 1161 1908 ἐκρίθη
1182 1851 1266 1909 γὰρ
1289 1851 1361 1895 οὐκ
1384 1850 1509 1909 ἄρξαι
1533 1852 1759 1908 ὠμότητος,
1782 1852 1882 1896 ἀλλ’

211 1921 451 1979 ἀμύνασθαι
473 1925 547 1968 τὸν
569 1923 848 1981 κατάρξαντα.

267 2024 366 2064 Hoc
400 2032 706 2077 argumentum,
750 2040 903 2065 recens
938 2027 1110 2077 quidem
1151 2039 1261 2076 opus
1293 2027 1370 2065 sed
1404 2028 1560 2066 ceteris
1593 2040 1703 2077 quae
1735 2033 1886 2067 extant

210 2080 435 2130 antiquius,
461 2081 545 2119 tale
573 2082 746 2120 exhibui
778 2083 903 2132 quale
937 2095 991 2120 ex
1022 2081 1144 2120 codd.
1169 2094 1278 2122 rece.
1299 2081 1461 2131 aliquot
1491 2083 1625 2121 edidit
1648 2082 1884 2132 Schwartz,

209 2135 417 2173 varietate
451 2135 648 2175 lectionis
669 2150 724 2174 ex
757 2137 796 2174 A
834 2137 1043 2186 apposita.
1100 2136 1411 2185 Argumentum
1443 2136 1605 2175 nullum
1635 2138 1679 2176 in
1711 2137 1886 2188 MVL;

210 2189 292 2228 alia
313 2190 553 2239 Byzantina
574 2192 616 2229 in
636 2191 670 2229 B
689 2191 733 2230 P.
875 2191 1082 2232 Ὕπόθεσις
1103 2192 1336 2244 πολυδώρου
1363 2204 1566 2241 suprascr
1574 2197 1618 2243 p.
1678 2192 1886 2231 Conferre

210 2244 325 2284 iubet
358 2244 487 2283 Prinz
521 2246 654 2295 Greg.
695 2247 792 2286 Cor.
832 2260 871 2296 p.
915 2259 964 2296 17
995 2246 1065 2295 qui
1097 2245 1197 2286 οἶσθ’
1227 2245 1298 2286 οὖν
1325 2248 1347 2287 ὃ
1378 2249 1528 2299 δρᾶσον
1559 2246 1685 2296 (Hec.
1710 2247 1808 2300 225)
1843 2248 1885 2286 in

210 2298 424 2350 Euripidis
474 2302 660 2352 Πολυίδῳ
716 2302 963 2354 (Πολυδώρῳ
1013 2301 1160 2349 Prinz)
1210 2301 1296 2350 legi
1350 2301 1462 2340 dicit.
1545 2302 1609 2343 Cf.
1657 2303 1711 2341 ad
1757 2316 1796 2341 v.
1849 2315 1883 2342 1.

209 2366 234 2391 2
266 2357 474 2407 σφαγῆναι
495 2356 606 2407 ἠξίου
627 2355 667 2393 Α
801 2367 825 2405 5
858 2354 1117 2409 κατέσφαξεν
1137 2355 1177 2394 Α
1308 2356 1333 2393 8
1364 2359 1591 2408 δυστυχοῦς
1611 2357 1650 2396 Α
1781 2369 1808 2406 9
1837 2359 1885 2397 τὸ

209 2411 431 2450 κλυδώνιον
459 2409 500 2448 Α
674 2421 736 2458 12,
764 2422 811 2459 13
854 2410 1088 2462 κρύπτουσα
1118 2439 1129 2450 .
1162 2441 1170 2450 .
1203 2440 1212 2450 .
1244 2410 1328 2462 ἵνα]
1361 2412 1411 2451 ὣς
1445 2410 1499 2461 A,
1528 2411 1684 2450 ceteris
1716 2412 1886 2450 omissis

214 2476 261 2512 13
292 2463 605 2559 ιἑὶιίιιραγειὲρμ.ε’νω
628 2464 667 2504 A
690 2463 817 2518 (-ένου
838 2464 927 2515 alii)
1110 2477 1160 2514 14
1191 2466 1265 2513 τῆς
1286 2464 1482 2519 ὁράσεως]
1505 2469 1588 2507 τῶν
1608 2466 1824 2516 ὀφθαλμῶν
1844 2465 1885 2503 Α

191 2529 261 2568 ,15
316 2534 434 2572 ρχειν

1915 1505 1963 1533 10

1914 1867 1960 1909 ῐ5
