<?xml version="1.0" encoding="UTF-8"?>
<!DOCTYPE html PUBLIC "-//W3C//DTD XHTML 1.0 Transitional//EN"
    "http://www.w3.org/TR/xhtml1/DTD/xhtml1-transitional.dtd">
<html xmlns="http://www.w3.org/1999/xhtml" xml:lang="en" lang="en">
 <head>
  <title>
</title>
<meta http-equiv="Content-Type" content="text/html;charset=utf-8" />
  <meta name='ocr-system' content='tesseract 3.04.00' />
  <meta name='ocr-capabilities' content='ocr_page ocr_carea ocr_par ocr_line ocrx_word'/>
</head>
<body>
  <div class='ocr_page' id='page_1' title='image "./euripidistragoed01euriuoft_0190.png"; bbox 0 0 2118 3366; ppageno 0'>
   <div class='ocr_carea' id='block_1_1' title="bbox 925 143 1367 194">
    <p class='ocr_par' dir='ltr' id='par_1_1' title="bbox 925 143 1367 194">
     <span class='ocr_line' id='line_1_1' title="bbox 925 143 1367 194; baseline 0.007 -2"><span class='ocrx_word' id='word_1_1' title='bbox 925 143 1367 194; x_wconf 70' lang='grc' dir='ltr'>ΕΥΡΙΠΙΔΟΥ</span> 
     </span>
    </p>
   </div>
   <div class='ocr_carea' id='block_1_2' title="bbox 306 271 1978 2650">
    <p class='ocr_par' dir='ltr' id='par_1_2' title="bbox 306 271 1978 2650">
     <span class='ocr_line' id='line_1_2' title="bbox 431 271 1551 341; baseline 0.002 -19"><span class='ocrx_word' id='word_1_2' title='bbox 431 271 595 323; x_wconf 91' lang='grc' dir='ltr'>πόσον</span> <span class='ocrx_word' id='word_1_3' title='bbox 625 273 735 323; x_wconf 76' lang='grc' dir='ltr'>τινὰ</span> <span class='ocrx_word' id='word_1_4' title='bbox 766 272 1049 339; x_wconf 86' lang='grc' dir='ltr'>στεναγμὸν</span> <span class='ocrx_word' id='word_1_5' title='bbox 1079 271 1300 341; x_wconf 82' lang='grc' dir='ltr'>οἰμωγήν</span> <span class='ocrx_word' id='word_1_6' title='bbox 1330 273 1375 326; x_wconf 86' lang='grc' dir='ltr'>θ’</span> <span class='ocrx_word' id='word_1_7' title='bbox 1405 274 1551 339; x_wconf 83' lang='grc' dir='ltr'>ὁμοῦ,·</span> 
     </span>
     <span class='ocr_line' id='line_1_3' title="bbox 430 354 1600 424; baseline 0.004 -20"><span class='ocrx_word' id='word_1_8' title='bbox 430 356 492 404; x_wconf 81' lang='grc' dir='ltr'>τὰ</span> <span class='ocrx_word' id='word_1_9' title='bbox 524 359 693 421; x_wconf 82' lang='grc' dir='ltr'>πρῶτα</span> <span class='ocrx_word' id='word_1_10' title='bbox 721 354 815 420; x_wconf 89' lang='grc' dir='ltr'>μέν</span> <span class='ocrx_word' id='word_1_11' title='bbox 845 377 933 408; x_wconf 93' lang='grc' dir='ltr'>νυν</span> <span class='ocrx_word' id='word_1_12' title='bbox 962 356 1169 409; x_wconf 83' lang='grc' dir='ltr'>πίτυλος</span> <span class='ocrx_word' id='word_1_13' title='bbox 1199 356 1428 424; x_wconf 84' lang='grc' dir='ltr'>Ἀργείου</span> <span class='ocrx_word' id='word_1_14' title='bbox 1459 356 1600 424; x_wconf 85' lang='grc' dir='ltr'>δορὸς</span> 
     </span>
     <span class='ocr_line' id='line_1_4' title="bbox 433 436 1970 507; baseline 0.005 -18"><span class='ocrx_word' id='word_1_15' title='bbox 433 436 659 504; x_wconf 80' lang='grc' dir='ltr'>ἐρρήξαθ’</span> <span class='ocrx_word' id='word_1_16' title='bbox 688 438 834 503; x_wconf 81' lang='grc' dir='ltr'>ἡμᾶς·</span> <span class='ocrx_word' id='word_1_17' title='bbox 881 438 970 491; x_wconf 80' lang='grc' dir='ltr'>εἶτ’</span> <span class='ocrx_word' id='word_1_18' title='bbox 1002 439 1266 507; x_wconf 82' lang='grc' dir='ltr'>ἐχώρησαν</span> <span class='ocrx_word' id='word_1_19' title='bbox 1297 439 1468 493; x_wconf 91' lang='grc' dir='ltr'>πάλιν.</span> <span class='ocrx_word' id='word_1_20' title='bbox 1892 447 1970 496; x_wconf 84' lang='grc'>835</span> 
     </span>
     <span class='ocr_line' id='line_1_5' title="bbox 429 519 1514 591; baseline 0.003 -20"><span class='ocrx_word' id='word_1_21' title='bbox 429 519 487 572; x_wconf 89' lang='grc' dir='ltr'>τὸ</span> <span class='ocrx_word' id='word_1_22' title='bbox 518 521 745 589; x_wconf 89' lang='grc' dir='ltr'>δεύτερον</span> <span class='ocrx_word' id='word_1_23' title='bbox 776 524 830 574; x_wconf 82' lang='grc' dir='ltr'>δὲ</span> <span class='ocrx_word' id='word_1_24' title='bbox 860 522 983 576; x_wconf 86' lang='grc' dir='ltr'>ποὺς</span> <span class='ocrx_word' id='word_1_25' title='bbox 1014 524 1354 591; x_wconf 88' lang='grc' dir='ltr'>ἐπαλλαχθεὶς</span> <span class='ocrx_word' id='word_1_26' title='bbox 1382 525 1514 582; x_wconf 87' lang='grc' dir='ltr'>ποδί,</span> 
     </span>
     <span class='ocr_line' id='line_1_6' title="bbox 429 602 1542 675; baseline 0.004 -20"><span class='ocrx_word' id='word_1_27' title='bbox 429 602 552 670; x_wconf 80' lang='grc' dir='ltr'>ἀνὴρ</span> <span class='ocrx_word' id='word_1_28' title='bbox 583 603 624 656; x_wconf 86' lang='grc' dir='ltr'>δ’</span> <span class='ocrx_word' id='word_1_29' title='bbox 657 604 732 658; x_wconf 87' lang='grc' dir='ltr'>ἐπ’</span> <span class='ocrx_word' id='word_1_30' title='bbox 765 606 905 672; x_wconf 83' lang='grc' dir='ltr'>ἀνδρὶ</span> <span class='ocrx_word' id='word_1_31' title='bbox 937 602 1076 665; x_wconf 83' lang='grc' dir='ltr'>στάς,</span> <span class='ocrx_word' id='word_1_32' title='bbox 1110 605 1360 673; x_wconf 79' lang='grc' dir='ltr'>ἐκαρτέρει</span> <span class='ocrx_word' id='word_1_33' title='bbox 1388 606 1542 675; x_wconf 83' lang='grc' dir='ltr'>μάχη·</span> 
     </span>
     <span class='ocr_line' id='line_1_7' title="bbox 429 688 1639 756; baseline 0.005 -17"><span class='ocrx_word' id='word_1_34' title='bbox 429 689 614 740; x_wconf 91' lang='grc' dir='ltr'>πολλοὶ</span> <span class='ocrx_word' id='word_1_35' title='bbox 645 688 686 739; x_wconf 90' lang='grc' dir='ltr'>δ’</span> <span class='ocrx_word' id='word_1_36' title='bbox 718 688 940 741; x_wconf 85' lang='grc' dir='ltr'>ἔπιπτον.</span> <span class='ocrx_word' id='word_1_37' title='bbox 1030 688 1089 754; x_wconf 79' lang='grc' dir='ltr'>ἦν</span> <span class='ocrx_word' id='word_1_38' title='bbox 1121 693 1174 742; x_wconf 78' lang='grc' dir='ltr'>δὲ</span> <span class='ocrx_word' id='word_1_39' title='bbox 1203 694 1291 741; x_wconf 80' lang='grc' dir='ltr'>τοῦ</span> <span class='ocrx_word' id='word_1_40' title='bbox 1323 691 1639 756; x_wconf 81' lang='grc' dir='ltr'>κελεύματος·</span> 
     </span>
     <span class='ocr_line' id='line_1_8' title="bbox 423 769 1547 841; baseline 0.004 -20"><span class='ocrx_word' id='word_1_41' title='bbox 423 769 497 821; x_wconf 84' lang='grc' dir='ltr'>Ὦ</span> <span class='ocrx_word' id='word_1_42' title='bbox 527 772 614 825; x_wconf 79' lang='grc' dir='ltr'>τὰς</span> <span class='ocrx_word' id='word_1_43' title='bbox 643 770 1000 836; x_wconf 61' lang='grc' dir='ltr'>Ἀθήνας-ῩΩ</span> <span class='ocrx_word' id='word_1_44' title='bbox 1030 772 1118 825; x_wconf 86' lang='grc' dir='ltr'>τὸν</span> <span class='ocrx_word' id='word_1_45' title='bbox 1148 772 1390 840; x_wconf 81' lang='grc' dir='ltr'>Ἀργείων</span> <span class='ocrx_word' id='word_1_46' title='bbox 1421 774 1547 841; x_wconf 89' lang='grc' dir='ltr'>γύην</span> 
     </span>
     <span class='ocr_line' id='line_1_9' title="bbox 432 855 1977 925; baseline 0.004 -20"><span class='ocrx_word' id='word_1_47' title='bbox 432 856 884 919; x_wconf 76' lang='grc' dir='ltr'>σπείροντες-οὐκ</span> <span class='ocrx_word' id='word_1_48' title='bbox 915 855 1110 923; x_wconf 82' lang='grc' dir='ltr'>ἀρήξετ’</span> <span class='ocrx_word' id='word_1_49' title='bbox 1144 858 1389 925; x_wconf 83' lang='grc' dir='ltr'>αἰσχύνην</span> <span class='ocrx_word' id='word_1_50' title='bbox 1419 859 1591 917; x_wconf 68' lang='grc' dir='ltr'>πόλεις</span> <span class='ocrx_word' id='word_1_51' title='bbox 1891 864 1977 915; x_wconf 83' lang='grc'>840</span> 
     </span>
     <span class='ocr_line' id='line_1_10' title="bbox 429 939 1556 1008; baseline 0.004 -19"><span class='ocrx_word' id='word_1_52' title='bbox 429 939 577 1003; x_wconf 83' lang='grc' dir='ltr'>μόλις</span> <span class='ocrx_word' id='word_1_53' title='bbox 608 941 662 991; x_wconf 82' lang='grc' dir='ltr'>δὲ</span> <span class='ocrx_word' id='word_1_54' title='bbox 693 939 855 991; x_wconf 88' lang='grc' dir='ltr'>πάντα</span> <span class='ocrx_word' id='word_1_55' title='bbox 886 945 1096 1007; x_wconf 82' lang='grc' dir='ltr'>δρῶντες</span> <span class='ocrx_word' id='word_1_56' title='bbox 1128 940 1214 992; x_wconf 83' lang='grc' dir='ltr'>οὐκ</span> <span class='ocrx_word' id='word_1_57' title='bbox 1244 940 1358 1008; x_wconf 88' lang='grc' dir='ltr'>ἄτερ</span> <span class='ocrx_word' id='word_1_58' title='bbox 1389 942 1556 994; x_wconf 89' lang='grc' dir='ltr'>πόνων</span> 
     </span>
     <span class='ocr_line' id='line_1_11' title="bbox 432 1022 1475 1092; baseline 0.003 -18"><span class='ocrx_word' id='word_1_59' title='bbox 432 1022 769 1090; x_wconf 81' lang='grc' dir='ltr'>ἐτρεψάμεσθ’</span> <span class='ocrx_word' id='word_1_60' title='bbox 800 1023 1032 1091; x_wconf 82' lang='grc' dir='ltr'>Ἀργεῖον</span> <span class='ocrx_word' id='word_1_61' title='bbox 1064 1026 1115 1078; x_wconf 91' lang='grc' dir='ltr'>ἐς</span> <span class='ocrx_word' id='word_1_62' title='bbox 1146 1024 1312 1091; x_wconf 80' lang='grc' dir='ltr'>φυγὴν</span> <span class='ocrx_word' id='word_1_63' title='bbox 1343 1025 1475 1092; x_wconf 90' lang='grc' dir='ltr'>δόρυ.</span> 
     </span>
     <span class='ocr_line' id='line_1_12' title="bbox 517 1107 1656 1176; baseline 0.004 -18"><span class='ocrx_word' id='word_1_64' title='bbox 517 1107 746 1159; x_wconf 84' lang='grc' dir='ltr'>κάνταῦθ’</span> <span class='ocrx_word' id='word_1_65' title='bbox 777 1109 803 1159; x_wconf 87' lang='grc' dir='ltr'>ὁ</span> <span class='ocrx_word' id='word_1_66' title='bbox 834 1107 1062 1176; x_wconf 86' lang='grc' dir='ltr'>πρέσβυς</span> <span class='ocrx_word' id='word_1_67' title='bbox 1084 1107 1283 1160; x_wconf 70' lang='grc' dir='ltr'>“’Υλλον</span> <span class='ocrx_word' id='word_1_68' title='bbox 1313 1108 1656 1176; x_wconf 80' lang='grc' dir='ltr'>ἐξορμώμενον</span> 
     </span>
     <span class='ocr_line' id='line_1_13' title="bbox 433 1190 1226 1257; baseline 0.005 -16"><span class='ocrx_word' id='word_1_69' title='bbox 433 1190 565 1249; x_wconf 83' lang='grc' dir='ltr'>ἰδών,</span> <span class='ocrx_word' id='word_1_70' title='bbox 600 1190 775 1257; x_wconf 77' lang='grc' dir='ltr'>ὀρέξας</span> <span class='ocrx_word' id='word_1_71' title='bbox 806 1191 1029 1245; x_wconf 80' lang='grc' dir='ltr'>ἱκέτευσε</span> <span class='ocrx_word' id='word_1_72' title='bbox 1061 1191 1226 1257; x_wconf 81' lang='grc' dir='ltr'>δεξιὰν</span> 
     </span>
     <span class='ocr_line' id='line_1_14' title="bbox 431 1272 1975 1345; baseline 0.006 -21"><span class='ocrx_word' id='word_1_73' title='bbox 431 1272 626 1329; x_wconf 91' lang='grc' dir='ltr'>Ἰόλαος</span> <span class='ocrx_word' id='word_1_74' title='bbox 657 1278 885 1341; x_wconf 85' lang='grc' dir='ltr'>ἐμβῆσαί</span> <span class='ocrx_word' id='word_1_75' title='bbox 910 1298 987 1328; x_wconf 91' lang='grc' dir='ltr'>νιν</span> <span class='ocrx_word' id='word_1_76' title='bbox 1018 1278 1216 1329; x_wconf 82' lang='grc' dir='ltr'>ἵππειον</span> <span class='ocrx_word' id='word_1_77' title='bbox 1247 1279 1442 1345; x_wconf 89' lang='grc' dir='ltr'>δίφρον.</span> <span class='ocrx_word' id='word_1_78' title='bbox 1897 1284 1975 1334; x_wconf 83' lang='grc'>845</span> 
     </span>
     <span class='ocr_line' id='line_1_15' title="bbox 431 1359 1399 1428; baseline 0.006 -19"><span class='ocrx_word' id='word_1_79' title='bbox 431 1359 610 1424; x_wconf 86' lang='grc' dir='ltr'>λαβὼν</span> <span class='ocrx_word' id='word_1_80' title='bbox 641 1362 694 1411; x_wconf 81' lang='grc' dir='ltr'>δὲ</span> <span class='ocrx_word' id='word_1_81' title='bbox 723 1361 902 1428; x_wconf 89' lang='grc' dir='ltr'>χερσὶν</span> <span class='ocrx_word' id='word_1_82' title='bbox 931 1361 1072 1425; x_wconf 90' lang='grc' dir='ltr'>ἡνίας</span> <span class='ocrx_word' id='word_1_83' title='bbox 1104 1360 1399 1426; x_wconf 86' lang='grc' dir='ltr'>Εὐρυσθέως</span> 
     </span>
     <span class='ocr_line' id='line_1_16' title="bbox 432 1443 1530 1513; baseline 0.002 -18"><span class='ocrx_word' id='word_1_84' title='bbox 432 1443 621 1497; x_wconf 85' lang='grc' dir='ltr'>πώλοις</span> <span class='ocrx_word' id='word_1_85' title='bbox 652 1445 838 1513; x_wconf 83' lang='grc' dir='ltr'>ἐπεῖχε.</span> <span class='ocrx_word' id='word_1_86' title='bbox 926 1444 1053 1497; x_wconf 85' lang='grc' dir='ltr'>τάπὸ</span> <span class='ocrx_word' id='word_1_87' title='bbox 1084 1445 1214 1496; x_wconf 82' lang='grc' dir='ltr'>τοῦδ’</span> <span class='ocrx_word' id='word_1_88' title='bbox 1243 1445 1335 1510; x_wconf 89' lang='grc' dir='ltr'>ἤδη</span> <span class='ocrx_word' id='word_1_89' title='bbox 1369 1445 1530 1497; x_wconf 91' lang='grc' dir='ltr'>κλύων</span> 
     </span>
     <span class='ocr_line' id='line_1_17' title="bbox 430 1525 1610 1594; baseline 0.003 -16"><span class='ocrx_word' id='word_1_90' title='bbox 430 1525 625 1593; x_wconf 89' lang='grc' dir='ltr'>λέγοιμ’</span> <span class='ocrx_word' id='word_1_91' title='bbox 656 1527 717 1579; x_wconf 83' lang='grc' dir='ltr'>ἂν</span> <span class='ocrx_word' id='word_1_92' title='bbox 748 1527 937 1587; x_wconf 85' lang='grc' dir='ltr'>ἄλλων,</span> <span class='ocrx_word' id='word_1_93' title='bbox 971 1533 1112 1594; x_wconf 82' lang='grc' dir='ltr'>δεῦρο</span> <span class='ocrx_word' id='word_1_94' title='bbox 1144 1529 1185 1580; x_wconf 82' lang='grc' dir='ltr'>δ’</span> <span class='ocrx_word' id='word_1_95' title='bbox 1217 1529 1362 1582; x_wconf 83' lang='grc' dir='ltr'>αὐτὸς</span> <span class='ocrx_word' id='word_1_96' title='bbox 1394 1530 1610 1582; x_wconf 86' lang='grc' dir='ltr'>εἰσιδών.</span> 
     </span>
     <span class='ocr_line' id='line_1_18' title="bbox 434 1611 1546 1680; baseline 0.004 -19"><span class='ocrx_word' id='word_1_97' title='bbox 434 1612 757 1676; x_wconf 84' lang='grc' dir='ltr'>Παλληνίδος</span> <span class='ocrx_word' id='word_1_98' title='bbox 786 1614 883 1679; x_wconf 81' lang='grc' dir='ltr'>γὰρ</span> <span class='ocrx_word' id='word_1_99' title='bbox 914 1611 1100 1678; x_wconf 82' lang='grc' dir='ltr'>σεμνὸν</span> <span class='ocrx_word' id='word_1_100' title='bbox 1132 1615 1351 1679; x_wconf 81' lang='grc' dir='ltr'>ἐκπερῶν</span> <span class='ocrx_word' id='word_1_101' title='bbox 1383 1612 1546 1680; x_wconf 87' lang='grc' dir='ltr'>πάγον</span> 
     </span>
     <span class='ocr_line' id='line_1_19' title="bbox 432 1694 1976 1763; baseline 0.005 -18"><span class='ocrx_word' id='word_1_102' title='bbox 432 1695 539 1748; x_wconf 91' lang='grc' dir='ltr'>δίας</span> <span class='ocrx_word' id='word_1_103' title='bbox 569 1694 801 1755; x_wconf 83' lang='grc' dir='ltr'>Ἀθάνας,</span> <span class='ocrx_word' id='word_1_104' title='bbox 836 1695 947 1763; x_wconf 80' lang='grc' dir='ltr'>ἅρμ’</span> <span class='ocrx_word' id='word_1_105' title='bbox 982 1697 1098 1748; x_wconf 83' lang='grc' dir='ltr'>ἰδὼν</span> <span class='ocrx_word' id='word_1_106' title='bbox 1130 1697 1444 1763; x_wconf 83' lang='grc' dir='ltr'>Εὐρυσθέως,</span> <span class='ocrx_word' id='word_1_107' title='bbox 1893 1704 1976 1753; x_wconf 83' lang='grc'>850</span> 
     </span>
     <span class='ocr_line' id='line_1_20' title="bbox 431 1777 1433 1852; baseline 0.003 -22"><span class='ocrx_word' id='word_1_108' title='bbox 431 1777 643 1844; x_wconf 85' lang='grc' dir='ltr'>ἠράσαθ’</span> <span class='ocrx_word' id='word_1_109' title='bbox 665 1778 815 1852; x_wconf 68' lang='grc' dir='ltr'>“Ηβῃ</span> <span class='ocrx_word' id='word_1_110' title='bbox 848 1783 978 1845; x_wconf 87' lang='grc' dir='ltr'>Ζηνί</span> <span class='ocrx_word' id='word_1_111' title='bbox 1004 1781 1064 1840; x_wconf 86' lang='grc' dir='ltr'>θ’,</span> <span class='ocrx_word' id='word_1_112' title='bbox 1097 1780 1284 1847; x_wconf 82' lang='grc' dir='ltr'>ἡμέραν</span> <span class='ocrx_word' id='word_1_113' title='bbox 1315 1782 1433 1846; x_wconf 86' lang='grc' dir='ltr'>μίαν</span> 
     </span>
     <span class='ocr_line' id='line_1_21' title="bbox 432 1862 1414 1930; baseline 0.004 -16"><span class='ocrx_word' id='word_1_114' title='bbox 432 1862 543 1917; x_wconf 88' lang='grc' dir='ltr'>νέος</span> <span class='ocrx_word' id='word_1_115' title='bbox 573 1862 811 1930; x_wconf 87' lang='grc' dir='ltr'>γενέσθαι</span> <span class='ocrx_word' id='word_1_116' title='bbox 843 1865 1244 1917; x_wconf 86' lang='grc' dir='ltr'>κᾶποτείσασθαι</span> <span class='ocrx_word' id='word_1_117' title='bbox 1274 1867 1414 1930; x_wconf 90' lang='grc' dir='ltr'>δίκην</span> 
     </span>
     <span class='ocr_line' id='line_1_22' title="bbox 430 1948 1659 2016; baseline 0.002 -19"><span class='ocrx_word' id='word_1_118' title='bbox 430 1948 655 2015; x_wconf 88' lang='grc' dir='ltr'>ἐχθρούς.</span> <span class='ocrx_word' id='word_1_119' title='bbox 747 1949 914 2001; x_wconf 90' lang='grc' dir='ltr'>κλύειν</span> <span class='ocrx_word' id='word_1_120' title='bbox 946 1949 1004 2014; x_wconf 84' lang='grc' dir='ltr'>δὴ</span> <span class='ocrx_word' id='word_1_121' title='bbox 1038 1949 1283 2015; x_wconf 89' lang='grc' dir='ltr'>θαύματος</span> <span class='ocrx_word' id='word_1_122' title='bbox 1314 1949 1531 2016; x_wconf 79' lang='grc' dir='ltr'>πάρεστι’</span> <span class='ocrx_word' id='word_1_123' title='bbox 1560 1970 1659 2001; x_wconf 93' lang='grc' dir='ltr'>σοι.</span> 
     </span>
     <span class='ocr_line' id='line_1_23' title="bbox 432 2031 1476 2101; baseline 0.006 -19"><span class='ocrx_word' id='word_1_124' title='bbox 432 2033 591 2083; x_wconf 86' lang='grc' dir='ltr'>δισσὼ</span> <span class='ocrx_word' id='word_1_125' title='bbox 622 2033 716 2100; x_wconf 79' lang='grc' dir='ltr'>γὰρ</span> <span class='ocrx_word' id='word_1_126' title='bbox 747 2031 916 2100; x_wconf 83' lang='grc' dir='ltr'>ἀστέρ’</span> <span class='ocrx_word' id='word_1_127' title='bbox 950 2036 1168 2087; x_wconf 81' lang='grc' dir='ltr'>ἱππικοῖς</span> <span class='ocrx_word' id='word_1_128' title='bbox 1201 2034 1281 2086; x_wconf 84' lang='grc' dir='ltr'>ἐπὶ</span> <span class='ocrx_word' id='word_1_129' title='bbox 1313 2035 1476 2101; x_wconf 77' lang='grc' dir='ltr'>ζυγοῖς</span> 
     </span>
     <span class='ocr_line' id='line_1_24' title="bbox 433 2115 1977 2188; baseline 0.005 -22"><span class='ocrx_word' id='word_1_130' title='bbox 433 2115 662 2169; x_wconf 65' lang='grc' dir='ltr'>σωθέντ’</span> <span class='ocrx_word' id='word_1_131' title='bbox 693 2116 915 2185; x_wconf 81' lang='grc' dir='ltr'>ἔκρυψαν</span> <span class='ocrx_word' id='word_1_132' title='bbox 946 2116 1078 2184; x_wconf 76' lang='grc' dir='ltr'>ἅρμα</span> <span class='ocrx_word' id='word_1_133' title='bbox 1106 2120 1294 2188; x_wconf 81' lang='grc' dir='ltr'>λυγαίῳ</span> <span class='ocrx_word' id='word_1_134' title='bbox 1328 2117 1487 2186; x_wconf 87' lang='grc' dir='ltr'>νέφει·</span> <span class='ocrx_word' id='word_1_135' title='bbox 1897 2124 1977 2173; x_wconf 89' lang='grc'>855</span> 
     </span>
     <span class='ocr_line' id='line_1_25' title="bbox 433 2199 1505 2270; baseline 0.004 -20"><span class='ocrx_word' id='word_1_136' title='bbox 433 2199 525 2252; x_wconf 88' lang='grc' dir='ltr'>σὸν</span> <span class='ocrx_word' id='word_1_137' title='bbox 556 2200 613 2265; x_wconf 82' lang='grc' dir='ltr'>δὴ</span> <span class='ocrx_word' id='word_1_138' title='bbox 644 2200 855 2269; x_wconf 89' lang='grc' dir='ltr'>λέγουσι</span> <span class='ocrx_word' id='word_1_139' title='bbox 884 2201 1036 2255; x_wconf 84' lang='grc' dir='ltr'>παῖδά</span> <span class='ocrx_word' id='word_1_140' title='bbox 1066 2202 1113 2269; x_wconf 89' lang='grc' dir='ltr'>γ’</span> <span class='ocrx_word' id='word_1_141' title='bbox 1146 2205 1193 2255; x_wconf 83' lang='grc' dir='ltr'>οἱ</span> <span class='ocrx_word' id='word_1_142' title='bbox 1224 2202 1505 2270; x_wconf 85' lang='grc' dir='ltr'>σοφώτεροι</span> 
     </span>
     <span class='ocr_line' id='line_1_26' title="bbox 424 2282 1621 2355; baseline 0.003 -20"><span class='ocrx_word' id='word_1_143' title='bbox 424 2282 604 2350; x_wconf 73' lang='grc' dir='ltr'>”Ηβην</span> <span class='ocrx_word' id='word_1_144' title='bbox 635 2284 697 2337; x_wconf 87' lang='grc' dir='ltr'>θ’·</span> <span class='ocrx_word' id='word_1_145' title='bbox 743 2285 770 2337; x_wconf 83' lang='grc' dir='ltr'><strong><em>ὃ</em></strong></span> <span class='ocrx_word' id='word_1_146' title='bbox 802 2285 843 2337; x_wconf 87' lang='grc' dir='ltr'>δ’</span> <span class='ocrx_word' id='word_1_147' title='bbox 875 2288 1065 2354; x_wconf 86' lang='grc' dir='ltr'>ὄρφνης</span> <span class='ocrx_word' id='word_1_148' title='bbox 1096 2289 1150 2339; x_wconf 94' lang='grc' dir='ltr'>ἐκ</span> <span class='ocrx_word' id='word_1_149' title='bbox 1182 2288 1466 2355; x_wconf 91' lang='grc' dir='ltr'>δυσαιθρίου</span> <span class='ocrx_word' id='word_1_150' title='bbox 1496 2285 1621 2340; x_wconf 86' lang='grc' dir='ltr'>νέων</span> 
     </span>
     <span class='ocr_line' id='line_1_27' title="bbox 432 2369 1368 2438; baseline 0.003 -18"><span class='ocrx_word' id='word_1_151' title='bbox 432 2369 723 2438; x_wconf 85' lang='grc' dir='ltr'>βραχιόνων</span> <span class='ocrx_word' id='word_1_152' title='bbox 753 2369 938 2435; x_wconf 82' lang='grc' dir='ltr'>ἔδειξεν</span> <span class='ocrx_word' id='word_1_153' title='bbox 969 2370 1167 2436; x_wconf 81' lang='grc' dir='ltr'>ἡβητὴν</span> <span class='ocrx_word' id='word_1_154' title='bbox 1196 2371 1368 2424; x_wconf 91' lang='grc' dir='ltr'>τύπον.</span> 
     </span>
     <span class='ocr_line' id='line_1_28' title="bbox 361 2486 1975 2539; baseline 0.001 -15"><span class='ocrx_word' id='word_1_155' title='bbox 361 2486 441 2535; x_wconf 88' lang='grc'>833</span> <span class='ocrx_word' id='word_1_156' title='bbox 475 2486 666 2539; x_wconf 77' lang='grc' dir='ltr'>εὐχωλήν</span> <span class='ocrx_word' id='word_1_157' title='bbox 687 2486 930 2538; x_wconf 81' lang='lat' dir='ltr'>Musgrave,</span> <span class='ocrx_word' id='word_1_158' title='bbox 954 2501 1102 2527; x_wconf 85' lang='lat' dir='ltr'>vocem</span> <span class='ocrx_word' id='word_1_159' title='bbox 1124 2501 1211 2528; x_wconf 87' lang='lat' dir='ltr'>non</span> <span class='ocrx_word' id='word_1_160' title='bbox 1240 2488 1441 2538; x_wconf 85' lang='lat' dir='ltr'><strong>tragicam</strong></span> <span class='ocrx_word' id='word_1_161' title='bbox 1462 2503 1471 2528; x_wconf 78' lang='lat' dir='ltr'>z</span> <span class='ocrx_word' id='word_1_162' title='bbox 1501 2488 1577 2527; x_wconf 84' lang='lat' dir='ltr'>sed</span> <span class='ocrx_word' id='word_1_163' title='bbox 1600 2488 1650 2527; x_wconf 89' lang='lat' dir='ltr'>ef.</span> <span class='ocrx_word' id='word_1_164' title='bbox 1676 2486 1834 2526; x_wconf 83' lang='lat' dir='ltr'><strong>Aesch.</strong></span> <span class='ocrx_word' id='word_1_165' title='bbox 1860 2486 1975 2527; x_wconf 84' lang='lat' dir='ltr'>Pers.</span> 
     </span>
     <span class='ocr_line' id='line_1_29' title="bbox 306 2541 1978 2595; baseline 0.001 -15"><span class='ocrx_word' id='word_1_166' title='bbox 306 2542 389 2588; x_wconf 85' lang='lat'>426</span> <span class='ocrx_word' id='word_1_167' title='bbox 517 2543 596 2591; x_wconf 87' lang='lat'>834</span> <span class='ocrx_word' id='word_1_168' title='bbox 627 2545 696 2583; x_wconf 82' lang='grc' dir='ltr'>νῦν</span> <span class='ocrx_word' id='word_1_169' title='bbox 718 2543 751 2581; x_wconf 94' lang='lat' dir='ltr'><strong>L</strong></span> <span class='ocrx_word' id='word_1_170' title='bbox 766 2542 799 2580; x_wconf 89' lang='lat' dir='ltr'>P</span> <span class='ocrx_word' id='word_1_171' title='bbox 923 2544 1004 2593; x_wconf 88' lang='lat'>836</span> <span class='ocrx_word' id='word_1_172' title='bbox 1041 2544 1321 2595; x_wconf 82' lang='grc' dir='ltr'>ἀπαλλαχθεὶς</span> <span class='ocrx_word' id='word_1_173' title='bbox 1343 2543 1377 2582; x_wconf 94' lang='grc' dir='ltr'>Ρ</span> <span class='ocrx_word' id='word_1_174' title='bbox 1498 2544 1577 2593; x_wconf 86' lang='grc'>837</span> <span class='ocrx_word' id='word_1_175' title='bbox 1607 2541 1721 2595; x_wconf 79' lang='grc' dir='ltr'>μάχῃ</span> <span class='ocrx_word' id='word_1_176' title='bbox 1744 2547 1789 2580; x_wconf 91' lang='lat' dir='ltr'>ut</span> <span class='ocrx_word' id='word_1_177' title='bbox 1809 2541 1978 2581; x_wconf 86' lang='lat' dir='ltr'>videtur</span> 
     </span>
     <span class='ocr_line' id='line_1_30' title="bbox 310 2594 1976 2650; baseline 0.002 -18"><span class='ocrx_word' id='word_1_178' title='bbox 310 2594 343 2632; x_wconf 91' lang='lat' dir='ltr'>L</span> <span class='ocrx_word' id='word_1_179' title='bbox 357 2594 391 2633; x_wconf 90' lang='lat' dir='ltr'>P</span> <span class='ocrx_word' id='word_1_180' title='bbox 409 2609 419 2634; x_wconf 70' lang='grc' dir='ltr'><em>τ</em></span> <span class='ocrx_word' id='word_1_181' title='bbox 449 2596 687 2650; x_wconf 80' lang='grc' dir='ltr'>ἐκαρτέρουν</span> <span class='ocrx_word' id='word_1_182' title='bbox 704 2596 844 2649; x_wconf 79' lang='grc' dir='ltr'>μάχην</span> <span class='ocrx_word' id='word_1_183' title='bbox 865 2603 962 2648; x_wconf 87' lang='lat' dir='ltr'>post</span> <span class='ocrx_word' id='word_1_184' title='bbox 985 2598 1274 2647; x_wconf 86' lang='lat' dir='ltr'>Hartungiurn</span> <span class='ocrx_word' id='word_1_185' title='bbox 1298 2597 1446 2636; x_wconf 88' lang='lat' dir='ltr'><strong>Nauck</strong></span> <span class='ocrx_word' id='word_1_186' title='bbox 1634 2598 1715 2646; x_wconf 88' lang='lat'>838</span> <span class='ocrx_word' id='word_1_187' title='bbox 1743 2598 1816 2636; x_wconf 82' lang='grc' dir='ltr'>τοῦ</span> <span class='ocrx_word' id='word_1_188' title='bbox 1835 2595 1976 2636; x_wconf 83' lang='grc' dir='ltr'>κελεύ-</span> 
     </span>
    </p>
   </div>
   <div class='ocr_carea' id='block_1_3' title="bbox 308 2650 1975 2759">
    <p class='ocr_par' dir='ltr' id='par_1_3' title="bbox 308 2650 1975 2759">
     <span class='ocr_line' id='line_1_31' title="bbox 308 2650 1971 2702; baseline 0.001 -13"><span class='ocrx_word' id='word_1_189' title='bbox 308 2664 462 2699; x_wconf 84' lang='grc' dir='ltr'>σματος</span> <span class='ocrx_word' id='word_1_190' title='bbox 493 2651 605 2690; x_wconf 80' lang='lat' dir='ltr'>LP:</span> <span class='ocrx_word' id='word_1_191' title='bbox 639 2651 708 2692; x_wconf 83' lang='grc' dir='ltr'>δύο</span> <span class='ocrx_word' id='word_1_192' title='bbox 738 2652 1001 2702; x_wconf 78' lang='grc' dir='ltr'>κελεύσματα</span> <span class='ocrx_word' id='word_1_193' title='bbox 1030 2652 1163 2691; x_wconf 83' lang='lat' dir='ltr'><strong>Ludv.</strong></span> <span class='ocrx_word' id='word_1_194' title='bbox 1194 2653 1403 2691; x_wconf 87' lang='lat' dir='ltr'>Dindorf:</span> <span class='ocrx_word' id='word_1_195' title='bbox 1437 2653 1494 2692; x_wconf 79' lang='grc' dir='ltr'>τὼ</span> <span class='ocrx_word' id='word_1_196' title='bbox 1524 2651 1780 2702; x_wconf 84' lang='grc' dir='ltr'>κελεύσματε</span> <span class='ocrx_word' id='word_1_197' title='bbox 1810 2650 1971 2700; x_wconf 86' lang='lat' dir='ltr'><strong>Haupt.</strong></span> 
     </span>
     <span class='ocr_line' id='line_1_32' title="bbox 311 2704 1975 2759; baseline 0.002 -18"><span class='ocrx_word' id='word_1_198' title='bbox 311 2704 508 2744; x_wconf 84' lang='lat' dir='ltr'><strong>Fortasse</strong></span> <span class='ocrx_word' id='word_1_199' title='bbox 528 2704 578 2753; x_wconf 78' lang='grc' dir='ltr'>ἣν</span> <span class='ocrx_word' id='word_1_200' title='bbox 599 2706 633 2746; x_wconf 85' lang='grc' dir='ltr'>δ’</span> <span class='ocrx_word' id='word_1_201' title='bbox 655 2709 753 2757; x_wconf 82' lang='grc' dir='ltr'>ὁμοῦ</span> <span class='ocrx_word' id='word_1_202' title='bbox 774 2706 1008 2757; x_wconf 82' lang='grc' dir='ltr'>κελεύματα</span> <span class='ocrx_word' id='word_1_203' title='bbox 1118 2707 1199 2755; x_wconf 82' lang='grc'>842</span> <span class='ocrx_word' id='word_1_204' title='bbox 1231 2704 1461 2759; x_wconf 76' lang='grc' dir='ltr'>ἐτρεψάμεθ’</span> <span class='ocrx_word' id='word_1_205' title='bbox 1484 2706 1518 2744; x_wconf 92' lang='lat' dir='ltr'>L</span> <span class='ocrx_word' id='word_1_206' title='bbox 1534 2706 1568 2744; x_wconf 92' lang='lat' dir='ltr'>P</span> <span class='ocrx_word' id='word_1_207' title='bbox 1681 2707 1761 2755; x_wconf 87' lang='lat'>845</span> <span class='ocrx_word' id='word_1_208' title='bbox 1792 2705 1975 2755; x_wconf 85' lang='grc' dir='ltr'>ἆμβῆσαι</span> 
     </span>
    </p>
   </div>
   <div class='ocr_carea' id='block_1_4' title="bbox 307 2758 1976 2923">
    <p class='ocr_par' dir='ltr' id='par_1_4' title="bbox 307 2758 1976 2923">
     <span class='ocr_line' id='line_1_33' title="bbox 308 2758 1976 2813; baseline 0.002 -16"><span class='ocrx_word' id='word_1_209' title='bbox 308 2758 551 2811; x_wconf 86' lang='lat' dir='ltr'><strong>Wecklein,</strong></span> <span class='ocrx_word' id='word_1_210' title='bbox 572 2761 649 2800; x_wconf 86' lang='lat' dir='ltr'>sed</span> <span class='ocrx_word' id='word_1_211' title='bbox 670 2760 722 2801; x_wconf 85' lang='lat' dir='ltr'>cs.</span> <span class='ocrx_word' id='word_1_212' title='bbox 745 2760 862 2811; x_wconf 85' lang='lat' dir='ltr'><strong>Cycl.</strong></span> <span class='ocrx_word' id='word_1_213' title='bbox 885 2763 965 2810; x_wconf 91' lang='lat'>467</span> <span class='ocrx_word' id='word_1_214' title='bbox 1171 2763 1254 2810; x_wconf 86' lang='lat'>848</span> <span class='ocrx_word' id='word_1_215' title='bbox 1283 2760 1442 2813; x_wconf 80' lang='grc' dir='ltr'>λέγοιμ’</span> <span class='ocrx_word' id='word_1_216' title='bbox 1465 2762 1514 2800; x_wconf 77' lang='grc' dir='ltr'>ἂν</span> <span class='ocrx_word' id='word_1_217' title='bbox 1532 2760 1829 2799; x_wconf 85' lang='lat' dir='ltr'>Valckenaer:</span> <span class='ocrx_word' id='word_1_218' title='bbox 1857 2758 1976 2811; x_wconf 81' lang='grc' dir='ltr'>λέγοι</span> 
     </span>
     <span class='ocr_line' id='line_1_34' title="bbox 307 2811 1973 2867; baseline -0.001 -14"><span class='ocrx_word' id='word_1_219' title='bbox 307 2811 382 2863; x_wconf 75' lang='grc' dir='ltr'>μὲν</span> <span class='ocrx_word' id='word_1_220' title='bbox 399 2814 432 2852; x_wconf 89' lang='lat' dir='ltr'>L</span> <span class='ocrx_word' id='word_1_221' title='bbox 450 2828 460 2853; x_wconf 76' lang='lat' dir='ltr'>z</span> <span class='ocrx_word' id='word_1_222' title='bbox 488 2813 605 2867; x_wconf 80' lang='grc' dir='ltr'>λέγει</span> <span class='ocrx_word' id='word_1_223' title='bbox 624 2814 700 2866; x_wconf 79' lang='grc' dir='ltr'>μὲν</span> <span class='ocrx_word' id='word_1_224' title='bbox 720 2815 753 2853; x_wconf 93' lang='grc' dir='ltr'>Ρ</span> <span class='ocrx_word' id='word_1_225' title='bbox 865 2816 1004 2856; x_wconf 78' lang='grc' dir='ltr'>ἄλλων</span> <span class='ocrx_word' id='word_1_226' title='bbox 1022 2814 1215 2866; x_wconf 85' lang='lat' dir='ltr'><strong>Elmsley</strong></span> <span class='ocrx_word' id='word_1_227' title='bbox 1232 2829 1242 2854; x_wconf 73' lang='grc' dir='ltr'><strong>ε</strong></span> <span class='ocrx_word' id='word_1_228' title='bbox 1272 2816 1397 2856; x_wconf 77' lang='grc' dir='ltr'>ἄλλος</span> <span class='ocrx_word' id='word_1_229' title='bbox 1420 2815 1453 2852; x_wconf 94' lang='lat' dir='ltr'><strong>L</strong></span> <span class='ocrx_word' id='word_1_230' title='bbox 1469 2814 1503 2853; x_wconf 92' lang='lat' dir='ltr'>P</span> <span class='ocrx_word' id='word_1_231' title='bbox 1527 2816 1677 2864; x_wconf 84' lang='grc' dir='ltr'>(ἄλλου</span> <span class='ocrx_word' id='word_1_232' title='bbox 1691 2813 1973 2865; x_wconf 84' lang='lat' dir='ltr'>Valckenaer)</span> 
     </span>
     <span class='ocr_line' id='line_1_35' title="bbox 307 2868 1976 2923; baseline 0 -17"><span class='ocrx_word' id='word_1_233' title='bbox 307 2869 387 2916; x_wconf 86' lang='lat'>854</span> <span class='ocrx_word' id='word_1_234' title='bbox 419 2870 484 2909; x_wconf 78' lang='grc' dir='ltr'>ἐπὶ</span> <span class='ocrx_word' id='word_1_235' title='bbox 508 2869 693 2910; x_wconf 82' lang='lat' dir='ltr'>Reiske:</span> <span class='ocrx_word' id='word_1_236' title='bbox 725 2870 802 2910; x_wconf 74' lang='grc' dir='ltr'>ὑπὸ</span> <span class='ocrx_word' id='word_1_237' title='bbox 823 2869 858 2907; x_wconf 97' lang='lat' dir='ltr'><strong>L</strong></span> <span class='ocrx_word' id='word_1_238' title='bbox 874 2869 908 2908; x_wconf 95' lang='lat' dir='ltr'>P</span> <span class='ocrx_word' id='word_1_239' title='bbox 1058 2872 1138 2920; x_wconf 88' lang='lat'>857</span> <span class='ocrx_word' id='word_1_240' title='bbox 1172 2871 1286 2911; x_wconf 83' lang='grc' dir='ltr'>ἐκδὺς</span> <span class='ocrx_word' id='word_1_241' title='bbox 1307 2870 1455 2923; x_wconf 81' lang='grc' dir='ltr'>αἰθρίου</span> <span class='ocrx_word' id='word_1_242' title='bbox 1479 2869 1512 2907; x_wconf 96' lang='lat' dir='ltr'><strong>L</strong></span> <span class='ocrx_word' id='word_1_243' title='bbox 1527 2870 1586 2908; x_wconf 87' lang='lat' dir='ltr'>P:</span> <span class='ocrx_word' id='word_1_244' title='bbox 1617 2882 1724 2909; x_wconf 87' lang='lat' dir='ltr'><strong>corr.</strong></span> <span class='ocrx_word' id='word_1_245' title='bbox 1749 2868 1976 2918; x_wconf 83' lang='lat' dir='ltr'>Musgrave</span> 
     </span>
    </p>
   </div>
   <div class='ocr_carea' id='block_1_5' title="bbox 307 2923 1153 2975">
    <p class='ocr_par' dir='ltr' id='par_1_5' title="bbox 307 2923 1153 2975">
     <span class='ocr_line' id='line_1_36' title="bbox 307 2923 1153 2975; baseline 0.005 -15"><span class='ocrx_word' id='word_1_246' title='bbox 307 2923 388 2973; x_wconf 86' lang='lat'>858</span> <span class='ocrx_word' id='word_1_247' title='bbox 416 2923 500 2973; x_wconf 78' lang='grc' dir='ltr'>ἥβη</span> <span class='ocrx_word' id='word_1_248' title='bbox 520 2925 594 2966; x_wconf 79' lang='grc' dir='ltr'>τὸν</span> <span class='ocrx_word' id='word_1_249' title='bbox 614 2924 808 2975; x_wconf 87' lang='lat' dir='ltr'><strong>primitus</strong></span> <span class='ocrx_word' id='word_1_250' title='bbox 831 2923 865 2962; x_wconf 92' lang='lat' dir='ltr'><strong>L</strong></span> <span class='ocrx_word' id='word_1_251' title='bbox 884 2938 894 2963; x_wconf 74' lang='grc' dir='ltr'>ε</span> <span class='ocrx_word' id='word_1_252' title='bbox 925 2937 1032 2964; x_wconf 84' lang='lat' dir='ltr'>corr.</span> <span class='ocrx_word' id='word_1_253' title='bbox 1059 2924 1153 2975; x_wconf 85' lang='lat' dir='ltr'>ipse</span> 
     </span>
    </p>
   </div>
  </div>
 </body>
</html>
