2118 3366
942 110 1384 168 ΕΥΡΙΠΙΔΟΥ

538 246 743 306 κλίνατ’,
775 247 832 298 οὗ
862 247 1026 300 σθένω
1057 249 1227 300 ποσίν·

535 331 756 395 πλησίον
777 329 970 384 “Ἀιδας.

454 415 630 465 σκοτία
659 413 701 465 δ’
733 413 810 466 ἐπ’
841 416 1051 466 ὄσσοισι
1081 413 1175 479 νὺξ
1200 413 1424 483 ἐφέρπει.

535 496 698 556 τέκνα,
730 495 877 556 τέκν’,
911 497 1074 550 οὐκέτι
1104 498 1162 563 δὴ
1296 492 1299 496 ’
1678 518 1682 522 ’
1923 514 2002 557 270

536 579 698 641 οὐκέτι
727 580 890 648 μάτηρ
921 587 1070 651 σφῷν
1101 583 1257 634 ἔστιν.

451 665 727 732 χαίροντες,
759 662 797 715 ὦ
828 664 992 724 τέκνα,
1025 666 1139 717 τόδε
1169 665 1297 733 φάος
1328 666 1530 735 ὀρῷτον.

331 751 414 799 Ab.
441 750 587 813 οἴμοι·
633 748 735 799 τόδ’
767 748 886 802 ἔπος
914 748 1104 815 λυπρὸν
1135 749 1296 800 ἀκούω

457 833 534 883 καὶ
565 832 748 885 παντὸς
779 833 888 897 ἐμοὶ
920 832 1134 884 θανάτου
1163 833 1346 898 μεῖζον.

453 916 518 980 μὴ
551 917 673 982 πρός
705 912 809 982 <σε>
840 920 966 968 θεῶν
996 923 1119 989 τλῇς
1146 939 1208 981 με
1238 921 1518 983 προδοῦναι,
1925 925 2002 974 275

452 999 518 1064 μὴ
550 997 673 1066 πρὸς
703 1001 894 1052 παίδων
924 1000 1007 1053 οὓς
1037 1002 1308 1068 ὀρφανιεῖς,

455 1083 570 1134 ἀλλ’
603 1083 712 1142 ἄνα,
745 1085 924 1149 τόλμα·

456 1170 673 1234 σοῦ’γὰρ
705 1168 950 1234 φθιμένης
980 1167 1137 1220 οὐκέτ’
1170 1168 1230 1220 ἂν
1263 1171 1385 1233 εἵην·

454 1254 508 1303 ἐν
540 1252 623 1302 σοὶ
654 1251 696 1303 δ’
729 1254 884 1317 ἐσμὲν
916 1253 996 1304 καὶ
1030 1253 1115 1316 ζῆν
1147 1253 1224 1304 καὶ
1253 1251 1338 1318 μή·

540 1335 636 1400 σὴν
665 1338 761 1403 γὰρ
793 1337 972 1403 φιλίαν
1004 1337 1318 1402 σεβόμεσθα.

334 1457 423 1503 Λλ.
444 1451 673 1516 ”Αὸμηθ’,
708 1453 823 1521 ὁρᾷς
854 1455 949 1519 γὰρ
980 1453 1112 1518 τάμὰ
1143 1451 1391 1519 πράγμαθ’
1423 1452 1488 1505 ὡς
1520 1452 1642 1521 ἔχει,
1923 1461 2004 1499 280

454 1533 599 1598 λέξαι
630 1535 760 1587 θέλω
794 1558 877 1587 σοι
907 1537 1022 1603 πρὶν
1055 1540 1223 1588 θανεῖν
1254 1537 1285 1588 ἃ
1314 1537 1582 1602 βούλομαι.

456 1621 553 1687 ἐγώ
588 1642 648 1671 σε
678 1621 1037 1686 πρεσβεύουσα
1069 1621 1208 1672 κάντὶ·
1237 1623 1325 1685 τῆς
1356 1622 1475 1685 ἐμῆς

453 1707 624 1772 ψυχῆς
657 1703 1024 1768 καταστήσασα
1055 1709 1163 1772 φῶς
1192 1704 1293 1756 τόδ’
1325 1706 1544 1772 εἰσορᾶν,

459 1790 675 1859 θνῄσκω,
708 1789 866 1855 παρόν
895 1810 981 1853 μοι
1011 1788 1076 1854 μὴ
1110 1791 1292 1847 θανεῖν,
1325 1790 1446 1854 ὑπὲρ
1479 1788 1644 1847 σέθεν,

457 1872 572 1923 ἀλλ’
604 1872 758 1939 ἄνδρα
789 1895 842 1924 τε
874 1878 1022 1941 σχεῖν
1055 1876 1346 1924 Θεσσαλῶν
1376 1871 1433 1924 ὃν
1462 1872 1661 1937 ἤθελον,
1927 1879 2003 1942 285

460 1957 537 2007 καὶ
568 1961 705 2022 δῶμα
735 1959 892 2009 ναίειν
923 1959 1105 2022 ὄλβιον
1135 1959 1399 2024 τυραννίδι.

459 2041 543 2092 οὐκ
574 2040 804 2105 ἠθέλησα
837 2042 928 2106 ζῆν
960 2040 1354 2094 ἀποσπασθεῖσά
1386 2062 1479 2092 σου

459 2126 554 2177 σὺν
584 2125 760 2177 παισὶν
791 2127 1109 2192 ὀρφανοῖσιν,
1143 2125 1243 2176 οὐδ’
1275 2125 1557 2193 ἐφεισάμην

458 2210 605 2274 ἥβης,
640 2209 811 2277 ἔχουσ’
843 2212 897 2261 ἐν
928 2211 1001 2262 οῖς
1033 2205 1309 2276 ἐτερπόμην
1342 2210 1456 2276 ἐγώ.

462 2295 619 2344 καίτοι
651 2294 701 2343 σ’
734 2296 759 2344 ὁ
791 2294 960 2360 φύσας
989 2294 1057 2361 χή
1088 2298 1302 2345 τεκοῦσα
1331 2294 1631 2360 προύδοσαν,
1926 2309 2006 2349 ‘290

461 2383 623 2431 καλῶς
652 2380 743 2443 μὲν
774 2377 940 2431 αὐτοῖς
973 2381 1234 2430 κατθανεῖν
1262 2377 1383 2442 ἧκον
1413 2377 1547 2443 βίου,

463 2466 624 2515 καλῶς
656 2464 708 2513 δὲ
739 2467 905 2513 σῶσαι
936 2466 1089 2514 παῖδα
1119 2463 1362 2515 κεῦκλεῶς
1393 2465 1576 2513 θανεῖν.

461 2547 613 2610 μόνος
642 2548 738 2613 γὰρ
770 2547 934 2599 αὐτοῖς
965 2545 1115 2610 ἦσθα,
1151 2546 1312 2600 κοῦτις
1344 2546 1487 2598 ἐλπὶς
1517 2544 1578 2608 ἧν

462 2635 555 2680 σοῦ
587 2631 919 2684 κατθανόντος
949 2630 1084 2681 ἄλλα
1115 2631 1348 2696 φιτύσειν
1377 2629 1538 2681 τέκνα.

366 2772 368 2774 >
391 2748 468 2795 267
499 2746 671 2787 κλίνατέ
684 2746 725 2798 μ’
744 2746 778 2784 L
794 2747 828 2785 P
938 2747 1019 2796 269
1048 2746 1242 2787 b‘o’ffotsV
1257 2746 1291 2784 B
1404 2758 1479 2795 271
1510 2743 1747 2798 μάτηρνΒ
1769 2758 1778 2783 z
1807 2744 1855 2793 δὴ
1874 2741 2007 2795 μάτηρ

339 2801 370 2838 L
387 2801 419 2838 P
532 2814 612 2851 272
640 2801 796 2854 ὁρῴη-ην
810 2800 1002 2850 Elmsley
1114 2814 1195 2850 273
1224 2803 1322 2852 ὤμοι
1340 2800 1433 2839 PL¹
1546 2811 1626 2848 275
1658 2815 1706 2839 σε
1722 2799 1819 2838 add.
1838 2798 2005 2837 Porson

337 2857 416 2903 276
445 2857 498 2905 μὴ
522 2888 530 2895 .
553 2887 562 2896 .
585 2886 593 2895 .
621 2857 821 2909 ὀρφανιεῖς
843 2869 925 2895 om.
952 2853 1032 2894 LP
1158 2868 1237 2904 277
1268 2856 1344 2896 ἄνα
1362 2854 1499 2904 τόλμα
1516 2854 1609 2892 Vl:
1639 2853 1851 2904 ἀνατόλμα
1870 2852 1904 2898 L
1920 2852 1954 2891 P
1969 2851 2004 2889 B

337 2911 415 2958 285
437 2915 662 2951 Θεσσαλῶν
677 2910 812 2953 Bet}
827 2911 861 2948 B
882 2924 892 2948 t
919 2911 1136 2951 Θεσσαλὸν
1151 2910 1185 2948 L
1201 2909 1285 2948 PV
1394 2910 1476 2958 289
1498 2908 1637 2960 ἔχουσ’
1653 2911 1696 2948 ἐν
1709 2907 1767 2948 οῖς
1781 2906 2008 2960 ἐτερπόμην

339 2966 418 3016 ἐγώ
435 2964 469 3002 Β
484 2965 523 3003 O
540 2965 598 3003 D:
623 2965 778 3016 ἔχουσα
793 2965 880 3014 δῶρ’
901 2967 944 3005 ἐν
959 2965 1018 3005 οἷς
1035 2963 1262 3016 ἐτερπόμην
1280 2964 1360 3015 ἐγώ
1374 2963 1414 3002 V
1428 2977 1437 3002 t
1459 2963 1614 3016 ἔχουσα
1629 2962 1720 3015 δῶρ’
1736 2961 1879 3015 (δῶρον
1896 2961 1946 3004 L)
1964 2964 2007 3000 ἐν

338 3019 394 3060 οἷς
412 3019 639 3073 ἐτερπόμην
657 3020 688 3057 L
704 3019 737 3057 P
754 3026 795 3057 et
811 3033 836 3058 v
851 3019 918 3058 vel
934 3018 990 3057 V²
1101 3031 1179 3068 294
1209 3018 1395 3072 φιτύσειν
1410 3018 1449 3056 V
1462 3035 1526 3070 γρ.
1547 3016 1582 3055 Β
1602 3031 1612 3055 :
1639 3016 1855 3070 φυτεύσειν
1872 3015 1905 3053 L
1922 3014 1954 3053 P
1970 3015 2006 3052 B
