2118 3366
883 131 1325 186 ΕΥΡΙΠΙΔΟΥ

392 266 584 334 χοῦτως
614 265 675 318 ἂν
705 267 791 320 οὔκ
821 265 882 331 ἦν
913 267 1055 320 οὐδὲν
1083 269 1362 336 ἀνθρώποις
1393 269 1556 322 κακόν.
1847 285 1928 326 575

268 353 358 401 Χο.
392 349 578 410 Ἰἃσον,
614 350 666 402 εὖ
694 353 786 415 μὲν
815 351 982 402 τούσδ’
1015 352 1303 417 ἐκόσμησας
1331 353 1529 420 λόγους·

392 434 523 498 ὅμως
553 432 596 485 δ’
627 433 811 500 ἔμοιγε,
849 436 922 487 κεί
952 437 1085 501 παρὰ
1114 436 1315 502 γνώμην
1347 438 1456 503 ἐρῶ,

394 521 552 570 δοκεῖς
580 510 790 583 προδοὺς
820 517 918 582 σὴν
948 517 1140 586 ἄλοχον
1170 519 1227 570 οὗ
1257 521 1420 571 δίκαια
1449 523 1605 586 &pay-⁴

269 599 424 665 Μη.ἧ
455 602 623 652 πολλὰ
653 606 863 654 πολλοῖς
895 604 993 667 εἶμι
1025 602 1262 669 διάφορος
1291 607 1505 670 βροτῶν.

394 684 502 749 ἐμοὶ
532 686 627 751 γὰρ
657 685 798 738 ὅστις
827 683 992 739 ἄδικος
1024 684 1091 737 ὢν
1123 685 1286 753 σοφὸς
1314 685 1485 754 λέγειν
1849 694 1930 744 580

392 766 603 833 πέφυκε,
637 770 884 833 πλείστην
919 769 1092 834 ζημίαν
1123 769 1439 837 ὀφλισκάνει·

392 851 607 922 γλώσσῃ
638 853 733 918 γὰρ
766 852 933 919 αὐχῶν
964 852 1119 905 τᾶδικ’
1152 854 1204 905 εὖ
1233 860 1566 920 περιστελεῖν,

395 940 558 1005 τολμᾷ
587 941 899 1002 πανουργεῖν·
948 936 1059 988 ἔστι
1090 936 1132 987 δ’
1164 938 1250 989 οὐκ
1278 937 1407 1004 ἄγαν
1437 940 1616 1005 σοφός.

393 1019 457 1072 ὡς
489 1020 567 1070 καὶ
599 1019 663 1070 σὺ
691 1018 758 1085 μή
788 1041 876 1071 νυν
909 1022 979 1073 εἷς
1009 1019 1084 1085 ἔμ’
1118 1019 1384 1088 εὐσχήμων
1413 1021 1535 1093 γένῃ

392 1101 566 1169 λέγειν
595 1124 649 1154 τε
679 1104 854 1155 δεινός.
945 1104 999 1155 ἓν
1028 1106 1124 1172 γὰρ
1155 1106 1345 1156 ἐκτενεῖ
1371 1105 1420 1155 σ’
1451 1105 1584 1159 ἔπος·
1848 1114 1928 1163 585

392 1189 519 1254 χρῆν
551 1186 618 1245 σ’,
653 1189 788 1253 εἴπερ
821 1185 955 1250 ἦσθα
984 1186 1051 1252 μὴ
1085 1189 1244 1247 κακός,
1277 1188 1524 1240 πείσαντά
1550 1211 1615 1255 με

393 1274 571 1336 γαμεῖν
601 1269 762 1336 γάμον
791 1271 939 1329 τόνδ’,
974 1273 1108 1323 ἀλλὰ
1136 1271 1202 1337 μὴ
1237 1280 1358 1344 σιγῇ
1387 1275 1570 1339 φίλων.

269 1358 338 1404 Ια.
388 1359 550 1407 καλῶς
579 1353 626 1421 γ’
656 1353 730 1413 ἄν,
765 1355 915 1419 οἶμαι,
951 1355 1061 1424 τῷδ’
1091 1354 1346 1422 ὑπηρέτεις
1374 1357 1528 1426 λόγῳ,

393 1439 439 1489 εἴ
467 1459 550 1488 σοι
580 1438 741 1504 γάμον
773 1444 1021 1497 κατεῖπον,
1054 1439 1160 1503 ἥτις
1189 1439 1300 1491 οὐδὲ
1329 1445 1419 1492 νῦν

389 1528 576 1591 τολμᾷς
605 1525 827 1587 μεθεῖναι
860 1524 1060 1589 καρδίας
1087 1522 1247 1589 μέγαν
1276 1525 1448 1590 χόλον.
1849 1542 1930 1582 590

268 1610 370 1669 Μη.
395 1605 450 1656 οὐ
479 1606 625 1656 τοῦτό
654 1606 702 1656 σ’
736 1607 888 1674 εῖχεν,
923 1608 1056 1658 ἀλλὰ
1086 1606 1350 1674 βάρβαρον
1378 1607 1532 1676 λέχος

391 1689 517 1755 πρὸς
547 1692 702 1757 γῆρας
733 1690 817 1740 οὐκ
853 1690 1052 1755 εὔδοξον
1085 1689 1319 1756 ἐξέβαινέ
1348 1714 1447 1744 σοι.

272 1783 342 1828 Ια.
391 1773 444 1824 εὖ
474 1778 562 1824 νῦν
593 1764 694 1825 τόδ’
726 1776 848 1833 ἴσθι,
881 1775 948 1839 μὴ
981 1775 1210 1841 γυναικὸς
1240 1778 1418 1827 οὕνεκα

390 1858 549 1924 γῆμαί
573 1880 635 1922 με
663 1857 848 1924 λέκτρα
879 1858 1141 1923 βασιλέων
1167 1846 1202 1910 ’δι
1231 1864 1317 1911 νῦν
1349 1861 1466 1928 ἔχω,

392 1941 525 1999 ἀλλ’,
560 1942 730 2009 ὥσπερ
763 1941 903 1994 εῖπον
937 1943 1015 1993 καὶ
1046 1942 1216 2009 πάρος,
1252 1949 1418 2013 σῷσαι
1449 1943 1610 1996 θέλων
1845 1962 1926 2001 595

392 2026 467 2085 σε’,
504 2028 582 2078 καὶ
613 2025 833 2078 τέκνοισι
863 2031 967 2079 τοῖς
999 2027 1135 2091 ἐμοῖς
1164 2025 1477 2092 ὁμοσπόρους

391 2112 549 2173 φῦσαι
579 2106 846 2174 τυράννους
876 2111 1070 2166 παῖδας,
1106 2108 1258 2174 ἔρυμα
1290 2110 1497 2174 δώμασι.

266 2195 369 2255 Μη.
389 2190 455 2255 μή
485 2213 570 2255 μοι
600 2190 794 2258 γένοιτο
825 2191 1012 2258 λυπρὸς
1044 2191 1283 2258 εὐδαίμων
1313 2195 1427 2258 βίος

387 2274 499 2339 μηδ’
532 2278 691 2340 ὄλβος
721 2276 862 2328 ὅστις
893 2275 981 2339 τὴν
1013 2275 1135 2340 ἐμὴν
1167 2278 1320 2340 κνίζοι
1351 2277 1527 2345 φρένα.

266 2363 336 2409 Ια.
387 2358 517 2410 οἶσθ’
550 2359 613 2411 ὡς
642 2356 887 2424 μέτευξαι,
923 2360 1002 2410 καὶ
1033 2359 1299 2427 σοφωτέρα
1329 2368 1489 2435 φανῇ;
1846 2370 1926 2410 600

314 2485 393 2522 575
424 2474 582 2524 χοῦτως
603 2473 642 2512 Α
658 2474 769 2514 VB:
802 2475 927 2514 οὕτως
948 2475 982 2515 δ’
1007 2474 1115 2512 LP:
1145 2475 1271 2516 οὕτως
1291 2474 1576 2514 Wilamowitz
1742 2486 1820 2525 577
1853 2478 1927 2528 ἐρῶ

260 2527 349 2566 AV
364 2528 398 2565 B
421 2543 429 2567 ε
458 2528 569 2580 λέγω
592 2528 673 2566 LP
860 2529 940 2577 582
969 2531 1114 2569 τᾶδικα
1134 2529 1169 2569 δ’
1192 2528 1235 2568 εὖ
1254 2528 1294 2567 Α
1487 2530 1567 2578 583
1596 2528 1719 2581 ἄγαν]
1743 2530 1926 2569 fortasse

260 2583 374 2622 οὕτω.
437 2582 500 2622 Cf.
525 2596 563 2621 v.
589 2594 668 2631 305
874 2585 953 2631 584
986 2585 1036 2624 ὣς
1058 2583 1231 2622 Brunck
1438 2584 1517 2632 585
1549 2587 1711 2624 ἐκτενεῖ
1728 2583 1767 2624 σ’
1787 2583 1875 2623 AL
1895 2585 1927 2623 P

258 2653 322 2689 γρ.
358 2636 438 2679 ΣΒ
477 2637 548 2687 (cf.
588 2636 779 2676 Eustath.
823 2637 867 2676 ΙΙ.
908 2651 947 2687 p.
981 2639 1111 2688 672):
1156 2641 1294 2678 κτενεῖ
1324 2638 1363 2678 σ’
1393 2637 1453 2676 V:
1499 2654 1546 2677 σε
1580 2641 1718 2678 κτενεῖ
1750 2638 1814 2678 B:
1856 2638 1926 2680 οὖν

260 2694 398 2731 κτενεῖ
423 2692 461 2731 σ’
486 2698 518 2742 p
692 2693 774 2740 586
812 2692 999 2732 πείσαντ’
1031 2691 1101 2742 ἐμὲ
1134 2692 1296 2732 Porson
1489 2693 1569 2741 588
1609 2693 1714 2742 οἶμαι
1746 2692 1924 2733 Nauck:

259 2747 329 2788 οὖν
348 2764 414 2798 μοι
438 2748 470 2785 L
486 2748 543 2788 P:
576 2748 645 2790 οὖν
666 2749 717 2789 σὺ
736 2747 849 2788 AV:
882 2747 952 2788 οὖν
972 2748 1033 2799 (et
1061 2747 1330 2800 ἐξυπηρετεῖςδ
1353 2748 1389 2786 Β
1610 2759 1690 2795 594
1720 2750 1926 2794 βασιλέων

260 2801 474 2851 Elmsley:
517 2804 722 2848 βασίλεως
751 2802 872 2841 codd.
1113 2813 1192 2851 599
1231 2801 1356 2852 κνίζοι
1386 2801 1469 2840 ΒΡ
1499 2814 1592 2840 cum
1624 2802 1742 2840 Stob.
1772 2814 1837 2851 93.
1870 2812 1924 2849 5:

258 2855 383 2906 κνίζει
403 2857 441 2894 Α
458 2856 491 2894 L
505 2856 544 2895 V
566 2858 638 2906 (de
658 2856 698 2894 A
718 2869 804 2894 non
828 2855 1009 2906 certum)
1251 2857 1335 2894 600
1362 2856 1547 2907 μέτενξαι
1571 2855 1772 2905 Elmsley‚
1796 2862 1855 2903 et,
1878 2860 1923 2894 ut

258 2910 439 2962 videtur,
473 2916 503 2954 Σ
534 2912 671 2963 (οἶσθα
701 2912 751 2951 ὡς
784 2925 832 2950 σε
867 2910 947 2950 ἔδει
981 2909 1296 2962 μετεύξασθαι);
1334 2911 1506 2963 μετεύξῃ
1539 2910 1643 2950 libri.
1706 2908 1768 2949 Cf.
1802 2909 1920 2959 Cycl.

263 2977 334 3015 131
