2118 3366
836 128 843 141 ⁸
891 133 1216 184 ΚΎΚΛΩΨ

341 263 524 331 δάκρυα
551 261 778 328 μεθήσει·
824 260 1036 328 βλέπετ’
1066 262 1168 315 ἄνω
1201 262 1280 314 καὶ
1307 262 1376 328 μὴ
1408 262 1551 316 κάτω.

215 352 307 400 Χο.
341 347 462 408 ἰδού,
492 346 616 414 πρὸς
646 345 793 398 αὐτὸν
824 345 912 398 τὸν
944 345 1037 398 Δί’
1070 345 1467 413 ἆνακεκύφαμεν,

342 431 423 483 καὶ
450 430 640 496 τᾶστρα
671 431 750 482 καὶ
780 429 867 481 τὸν
897 429 1121 497 Ὠρίωνα
1148 429 1395 497 δέρκομαι.

218 519 306 567 Κυ.
339 513 544 582 ἄριστόν
570 515 715 566 ἐστιν
741 513 795 566 εὖ
825 513 1323 581 παρεσκευασμένον,·

215 602 309 650 Χο.
340 596 599 666 πάρεστιν.
690 599 716 648 ὁ
749 596 955 665 φάρυγξ
982 597 1217 666 εὐτρεπὴς
1247 597 1379 650 ἔστω
1408 599 1577 664 μόνον.
1810 617 1886 656 215

218 686 309 735 Κυ.
340 680 371 746 ἤ
401 682 482 734 καὶ
511 681 764 750 γάλακτός
797 684 899 734 εἶσι
931 685 1168 749 κρατῆρες
1197 681 1363 752 πλέῳ,·

215 770 307 818 Χο.
339 765 462 818 ὥστ’
495 768 683 819 ἐκπιεῖν
712 764 773 833 γέ
804 765 869 826 σ’,
903 761 965 831 ἢν
996 766 1160 839 θέλῃς,
1194 768 1317 819 ὅλον
1346 767 1508 820 πίθον.

218 853 310 902 Κυ.
341 848 548 916 μήλειον
576 845 608 914 ἢ
638 850 815 916 βόειον
844 845 875 915 ἢ
906 850 1235 918 μεμιγμένον,·

214 937 307 986 Χο.
339 935 408 987 ὧν
436 932 499 986 ἂν
529 933 680 1006 θέλῃς
710 935 790 994 σύ,
822 934 891 1001 μὴ
923 934 1000 1001 ’μὲ
1032 936 1271 1008 καταπίῃς
1298 936 1468 1002 μόνον.

218 1021 307 1070 Κυ.
338 1017 519 1084 ἥκιστ’·
564 1019 678 1071 ἐπεί
703 1018 755 1084 μ’
787 1018 848 1071 ἂν
878 1021 932 1072 ἐν
961 1018 1092 1092 μέσῃ
1122 1027 1182 1093 τῇ
1210 1020 1421 1088 γαστέρι
1810 1039 1890 1067 220

341 1106 594 1168 πηδῶντες
623 1101 921 1155 ἆπολέσαιτ’
952 1103 1014 1156 ἂν
1041 1103 1136 1156 ὑπὸ
1165 1106 1263 1157 τῶν
1296 1103 1587 1173 σχημάτων.

424 1186 499 1238 ἔα·
544 1186 637 1239 τίν’
668 1188 828 1255 ὄχλον
858 1187 990 1240 τόνδ’
1021 1189 1116 1255 ὁρῶ
1147 1187 1268 1255 πρὸς
1300 1188 1515 1251 αὐλίοις,·

340 1271 531 1343 λῃσταί
556 1292 687 1325 τινες
718 1270 967 1340 κατέσχον
997 1267 1027 1336 ἢ
1060 1277 1254 1326 κλῶπες
1283 1274 1468 1342 χθόνα,·

342 1356 438 1422 ὁρῶ
469 1353 530 1422 γέ
558 1377 634 1407 τοι
664 1355 833 1407 τούσδ’
865 1355 1016 1423 ἄρνας
1047 1353 1107 1419 ἐξ
1131 1356 1321 1423 ἄντρων
1351 1359 1483 1423 ἐμῶν
1739 1418 1741 1421 ,

340 1444 610 1505 στρεπταῖς
638 1440 846 1507 λύγοισι
877 1445 1023 1506 σῶμα
1054 1441 1549 1508 συμπεπλεγμένους,
1811 1461 1888 1499 225

338 1523 489 1592 τεύχη
521 1545 576 1576 τε
606 1529 766 1590 τυρῶν
798 1528 1038 1592 συμμιγῆ,
1072 1524 1281 1592 γέροντά
1310 1547 1365 1578 τε

341 1613 560 1674 πληγαῖς
591 1608 867 1674 πρόσωπον
899 1608 1160 1676 φαλακρὸν
1192 1609 1487 1680 ἐξῳδηκότα.

214 1694 287 1742 Σι.
339 1691 476 1756 ὤμοι,
510 1691 747 1760 πυρέσσω
780 1693 1181 1759 συγκεκομμένος
1210 1694 1381 1749 τάλας.

215 1779 303 1827 Κυ.
336 1774 432 1827 ὑπὸ
461 1781 573 1837 τοῦ,·
620 1778 695 1831 τίς
728 1779 779 1830 ἐς
810 1777 905 1829 σὸν
938 1778 1072 1845 κρᾶτ’
1104 1779 1421 1838 ἐπύκτευσεν,
1455 1778 1628 1846 γέρον;

214 1862 288 1910 Σι.
337 1858 431 1912 ὑπὸ
460 1864 631 1920 τῶνδε,
668 1862 914 1929 Κύκλωψ,
949 1863 1027 1914 ὅτι
1056 1864 1117 1914 τὰ
1147 1862 1196 1913 σ’
1229 1863 1315 1914 οὐκ
1348 1865 1462 1915 εἴων
1494 1862 1684 1931 φέρειν.
1811 1883 1888 1921 230

214 1946 302 1994 Kv.
336 1943 423 1995 οὐκ
451 1943 586 2016 ᾖσαν
617 1947 739 1997 ὄντα
770 1946 885 1999 θεόν
916 1968 978 2012 με
1009 1947 1087 1999 καὶ
1120 1951 1244 1999 θεῶν
1274 1946 1396 2008 ἄπο,·

211 2030 287 2079 Σι.
336 2026 515 2095 ἔλεγον
546 2029 645 2096 ἐγὼ
676 2028 801 2081 τάδ’·
847 2030 893 2082 οἳ
924 2030 966 2083 δ’
997 2033 1213 2099 ἐφόρουν
1242 2034 1304 2083 τὰ
1332 2030 1577 2101 χρήματα·

337 2111 417 2164 καὶ
445 2113 531 2164 τόν
561 2134 621 2180 γε
650 2112 795 2181 τυρὸν
828 2114 914 2166 οὐκ
946 2116 1128 2170 ἐῶντος
1156 2115 1336 2181 ἤσθιον

335 2195 448 2250 τούς
476 2195 518 2248 τ’
549 2196 702 2264 ἄρνας
734 2196 1085 2266 ἐξεφοροΰντο·
1132 2199 1375 2265 δήσαντες
1406 2202 1459 2252 δὲ
1491 2203 1552 2253 σὲ

336 2285 480 2352 κλῳῷ
511 2281 761 2351 τριπήχει,
799 2282 921 2353 κᾷτα
950 2284 1036 2337 τὸν
1066 2283 1333 2352 ὀφθαλμὸν
1361 2284 1521 2351 μέσον
1806 2303 1884 2344 235

335 2451 396 2500 τὰ
428 2449 686 2519 σπλάγχν’
720 2451 950 2519 ἔφασκον
983 2451 1327 2518 ἐξαμήσεσθαι
1356 2453 1464 2523 βίᾳ,

333 2531 549 2602 μάστιγί
577 2534 618 2586 τ’
650 2535 703 2587 εὖ
734 2535 791 2587 τὸ
822 2540 980 2588 νῶτον
1011 2538 1321 2604 ἀποθλίψειν
1352 2536 1519 2597 σέθεν,

204 2640 215 2655 ”
262 2661 353 2701 212,
379 2662 473 2700 215,
494 2664 589 2702 217,
615 2664 696 2702 219
723 2659 797 2693 Χο.
818 2651 1059 2702 Tyrwhitt:
1092 2653 1243 2693 Sileno
1265 2652 1455 2693 tribuunt
1478 2652 1561 2692 LP
1709 2666 1788 2704 213
1818 2655 1882 2695 καὶ

207 2703 384 2758 ›rac-ma]
414 2705 469 2747 τά
496 2706 535 2746 τ’
566 2707 699 2759 ἄστρα
728 2707 1061 2747 Choeroboscus
1092 2709 1194 2748 Can.
1230 2721 1265 2756 1,
1300 2722 1341 2758 p.
1375 2709 1466 2757 286,
1500 2720 1526 2758 3
1719 2722 1800 2759 219
1830 2708 1885 2750 ὧν

209 2758 393 2799 Kaibel:
421 2761 468 2801 av
489 2760 573 2799 LP
785 2774 868 2801 220
894 2762 936 2813 μ’
959 2762 1157 2802 Seidler:
1185 2762 1227 2815 γ’
1252 2763 1334 2802 LP
1537 2776 1617 2813 227
1647 2780 1678 2803 π
1703 2763 1881 2813 όσωπον]

206 2812 396 2864 μέτωπον
415 2814 632 2866 Tyrwhitt
732 2867 735 2868 ⁷
831 2829 910 2866 233
938 2817 1011 2869 γε]
1033 2834 1080 2858 τε
1103 2818 1257 2857 Kaibel
1391 2821 1538 2860 ἐῶντος
1552 2824 1608 2870 p:
1642 2821 1661 2858 ἐ
1687 2835 1779 2860 ντος
1802 2819 1836 2857 L
1850 2819 1884 2857 P

205 2880 290 2918 234
320 2871 562 2923 ἐξεφροῦντο
579 2870 805 2923 Musgrave
823 2871 963 2910 Cobet
982 2872 1181 2924 (formam
1200 2873 1430 2926 ἐξεφρίεντο
1454 2873 1613 2913 mavult
1628 2872 1878 2925 Wecklein)

206 2934 288 2973 235
331 2923 548 2964 Lacunam
587 2926 714 2964 unius
751 2938 899 2964 versus
940 2926 1125 2966 indicavi
1279 2927 1418 2977 Vulgo
1457 2929 1564 2969 κατὰ
1605 2927 1800 2981 (Canter)
1838 2934 1883 2967 et

207 2977 395 3031 ὀμφαλὸν
425 2979 654 3030 (Scaliger)
843 2981 923 3030 236
953 2981 1222 3032 ἐξαμήσεσθαι
1254 2981 1452 3033 Duport:
1493 2982 1766 3034 ἐξαμήσασθαι
1798 2982 1881 3023 LP

207 3044 287 3084 237
318 3033 540 3087 ἆπολέψειν
562 3034 782 3074 Ruhnken
