2118 3366
867 109 1325 160 -ETPIHIAOT

276 244 348 289 Io.
405 237 581 289 οὔκουν
611 237 728 308 ὁρᾷς
755 259 849 304 μου
881 242 1041 290 κῶλον
1072 237 1137 291 ὧς
1168 239 1443 305 ἐπείγεται,

275 323 368 372 Θε.
399 321 495 387 ὁρῶ
527 324 762 373 δοκοῦντα
789 324 986 387 μᾶλλον
1015 316 1045 385 ἢ
1078 321 1360 373 σπεύδοντά.
1391 343 1468 373 σε.
1856 337 1935 381 735

276 407 344 455 Io.
404 403 460 455 οὐ
490 408 644 456 ταῦτα
671 401 851 468 λέξεις,
884 403 1010 469 ἡνίκ’
1041 403 1103 456 ἂν
1132 405 1357 476 λεύσσῃς
1385 404 1435 470 μ’
1467 406 1582 457 ἐκεῖ.

275 490 366 539 Θε.
399 487 452 539 τί
476 491 689 555 δρῶντα,·
735 488 1015 554 βουλοίμην
1046 487 1088 539 δ’
1119 487 1179 540 ἂν
1211 487 1509 556 εὐτυχοῦντά
1538 510 1611 555 γε.

275 575 342 622 Io.
403 570 464 622 δι’
495 571 705 625 ἀσπίδος
735 573 961 623 θείνοντα
991 573 1244 638 πολεμίων
1272 571 1400 624 τινά.

275 657 366 706 Θε.
399 656 442 706 εἰ
471 652 530 719 δή
560 655 673 707 ποθ’
703 654 887 721 ἥξομέν
918 677 992 722 γε·
1040 660 1186 707 τοῦτο
1217 657 1312 723 γὰρ
1345 656 1529 724 φόβος.

276 742 343 789 Io.
405 742 517 805 φεῦ·

399 821 506 882 εἴθ’,
541 819 579 873 ὦ
609 822 856 891 βραχίων,
891 823 996 874 οῖον
1026 821 1295 888 ἡβήσαντα
1326 846 1388 876 σε
1859 838 1937 879 740

396 904 666 971 μεμνήμεθ’
695 906 852 971 ἡμεῖς,
884 907 1028 971 ἡνίκα
1059 904 1147 969 ξὺν
1176 906 1423 974 Ἡρακλεῖ

400 988 633 1055 Σπάρτην
666 990 905 1057 ἐπόρθεις,
939 991 1201 1058 σύμμαχος
1232 990 1400 1058 γένοιό
1427 1014 1513 1057 μοι

398 1078 634 1126 τοιοῦτος·
679 1074 790 1125 οἵαν
820 1073 882 1126 ἂν
909 1073 1096 1141 τροπὴν
1128 1075 1422 1141 Εὐρυσθέως

399 1159 589 1222 θείμην·
636 1158 749 1209 ἐπεί
774 1179 852 1209 τοι
882 1158 962 1209 καὶ
994 1157 1140 1212 κακὸς
1169 1157 1337 1223 μένειν
1368 1161 1497 1226 δόρυ.

396 1240 537 1292 ἔστιν
567 1240 609 1292 δ’
644 1242 697 1293 ἐν
727 1243 870 1311 ὄλβῳ
905 1243 983 1294 καὶ
1014 1241 1115 1293 τόδ’
1149 1242 1234 1293 οὐκ
1264 1244 1419 1309 ὀρθῶς
1449 1243 1587 1313 ἔχον,
1853 1257 1935 1299 745

398 1323 645 1392 εὐψυχίας
676 1326 895 1390 δόκησις·
941 1326 1183 1391 οἰόμεσθα
1213 1328 1308 1393 γὰρ

395 1407 481 1460 τὸν
511 1408 810 1477 εὐτυχοῦντα
840 1408 982 1461 πάντ’
1014 1411 1319 1463 ἐπίστασθαι
1350 1411 1528 1464 καλῶς.

270 1538 360 1586 Χο.
397 1538 467 1586 Γᾶ
500 1535 579 1586 καὶ
610 1536 880 1605 παννύχιος
913 1535 1064 1588 σελά-
1745 1532 1872 1604 [στρ.
1906 1560 1936 1589 α

394 1640 455 1670 να
485 1619 565 1670 καὶ
594 1621 939 1687 λαμπρόταται
969 1623 1083 1672 θεοῦ

562 1705 935 1771 φαεσίμβροτοι
964 1704 1126 1771 αὐγαί,
1858 1717 1936 1764 750

476 1788 718 1854 ἀγγελίαν
748 1810 832 1854 μοι
862 1787 1121 1855 ἐνέγκαιτ’·

394 1870 645 1939 ἰαχήσατε
674 1871 715 1923 δ’
748 1872 935 1942 οὐρανῷ

395 1955 474 2006 καὶ
504 1957 636 2023 παρὰ
667 1957 843 2023 θρόνον
874 1956 1090 2025 ἀρχέταν

560 2044 780 2107 γλαυκᾶς
813 2042 864 2092 ἐν
897 2040 1125 2095 Ἀθάνας.

391 2122 563 2188 μέλλω
594 2128 682 2178 τᾶς
711 2125 1032 2191 πατριώτιδος
1857 2141 1932 2183 755

390 2211 498 2274 γᾶς,
531 2207 703 2274 μέλλω
737 2209 816 2260 καὶ
844 2210 967 2275 ὑπὲρ
998 2210 1159 2274 δόμων

560 2291 721 2345 ἱκέτας
750 2293 1042 2360 ὑποδεχθεὶς

393 2376 617 2428 κίνδυνον
648 2381 806 2446 πολιῷ
840 2381 1006 2442 τεμεῖν
1038 2376 1242 2447 σιδάρῳ.

320 2492 399 2542 736
445 2494 490 2534 οὔ
525 2492 696 2534 Heatht
740 2494 791 2534 σὺ
827 2494 861 2533 L
876 2494 922 2544 P,
958 2493 1141 2534 fortasse
1181 2499 1298 2534 recte
1504 2506 1581 2544 737
1623 2511 1674 2547 γε
1712 2495 1772 2533 L:
1815 2511 1863 2536 σε
1899 2494 1934 2533 Ρ

265 2549 343 2597 738
378 2545 548 2589 θένοντα
569 2548 674 2587 LP:
715 2561 821 2588 corr.
848 2548 1038 2599 Elmsley
1242 2561 1317 2598 741
1357 2549 1432 2590 σὺν
1453 2549 1538 2588 LP
1734 2562 1812 2600 743
1845 2550 1933 2590 οἵαν

265 2601 451 2641 Reiske:
493 2601 574 2643 οΐος
603 2602 687 2641 LP
714 2604 813 2652 (οῑος
841 2603 1024 2653 Barnes)
1241 2617 1317 2653 744
1357 2604 1496 2654 θείμην
1515 2603 1677 2644 Cobet:
1717 2604 1828 2652 θείην
1848 2603 1930 2642 LP

264 2667 342 2705 745
373 2657 474 2708 ἔχον
491 2657 510 2694 l
523 2672 533 2696 x
564 2657 673 2709 ἔχων
695 2658 728 2696 L
742 2657 775 2696 P
934 2671 1011 2709 747
1045 2659 1242 2698 Fortasse
1265 2661 1504 2699 ἐπικτᾶσθαι
1524 2657 1630 2699 καλοί
1649 2672 1658 2697 2
1688 2658 1930 2699 ἐπίστασθαι

262 2712 395 2762 χρεών
416 2711 532 2751 Stob.
559 2725 624 2762 92.
643 2723 667 2762 5
809 2725 889 2762 750
920 2714 1225 2767 φαεσιμβρότου
1246 2712 1475 2763 Musgrave
1617 2724 1692 2763 751
1727 2711 1929 2765 ἐνέγκαιτ’

264 2764 485 2805 Hermann
505 2780 514 2805 ε
546 2766 735 2819 ἐνέγκατ’
760 2767 793 2805 L
808 2766 842 2806 P
973 2780 1050 2818 754
1078 2771 1263 2820 γλαυκᾶς
1283 2771 1326 2809 ἐν
1347 2766 1512 2809 Ἀθάνας
1534 2767 1740 2807 Schaefer
1758 2772 1803 2806 et
1825 2766 1928 2806 Mat·

262 2819 377 2859 thiae
395 2821 453 2871 (h.
471 2834 506 2861 e.
528 2821 573 2860 in
589 2821 854 2872 Erechtheo)
880 2835 889 2860 ε
919 2826 1086 2876 γλαυκᾷ
1105 2823 1144 2863 τ’
1167 2825 1211 2863 ἐν
1230 2820 1379 2875 Ἀθάνᾳ
1399 2822 1434 2861 L
1447 2821 1482 2861 P
1611 2833 1706 2872 755,
1724 2822 1805 2871 756
1830 2820 1930 2873 μέλ-

260 2882 325 2915 λει
344 2874 408 2913 bis
432 2875 680 2916 Hermann:
713 2875 843 2927 (μέλω
865 2876 900 2915 L
914 2877 962 2925 P,
983 2889 1089 2916 corr.
1114 2876 1147 2927 l)
1341 2877 1422 2926 756
1451 2877 1516 2918 καὶ
1536 2875 1634 2931 ὑπὲρ
1652 2875 1805 2916 >Nauck
1824 2889 1835 2915 :
1863 2876 1929 2916 καὶ

261 2929 349 2982 περὶ
373 2930 406 2968 L
421 2929 454 2968 P
475 2930 587 2984 (περὶ
606 2935 691 2972 τῶν
707 2931 740 2983 Ι)
