2118 3366
836 133 1273 186 ΕΥΡΙΠΙΔΟΥ

345 270 535 323 παίδων
563 268 805 335 πρίασθαι
836 264 1050 332 σπέρμα,
1084 267 1171 314 τοῦ
1201 260 1472 328 τιμήματος

347 356 434 418 τῆς
464 352 604 418 ἀξίας
635 352 866 408 ἕκαστον,
902 351 955 400 ἐν
985 351 1039 400 δὲ
1069 348 1294 412 δώμασιν

349 438 504 490 ναίειν
537 434 846 502 ἐλευθέροισι
878 436 1091 497 θηλειῶν
1121 430 1254 496 ἄτερ.

348 515 453 584 [νῦν
483 519 525 570 δ’
559 522 609 573 ἐς
632 519 811 583 δόμους
840 519 932 583 μὲν
962 519 1159 582 πρῶτον
1190 510 1401 577 ἄξεσθαι
1433 510 1582 564 κακὸν
1803 513 1884 566 ⁶25

348 603 624 669 μέλλοντες
654 604 817 667 ὄλβον
847 598 1087 665 δωμάτων
1118 593 1415 663 ἐκπίνομεν.]

353 687 506 757 τούτῳ
538 689 591 738 δὲ
622 689 775 751 δῆλον
807 684 872 738 ὡς
901 682 1024 750 γυνὴ
1057 681 1205 734 κακὸν
1232 680 1379 748 μέγα·

350 770 588 838 προσθεὶς
616 771 712 837 γὰρ
744 769 770 819 ὁ
801 768 1009 834 σπείρας
1039 788 1095 818 τε
1127 763 1430 833 καὶ·θρε’ψας
1458 762 1619 830 πατὴρ

352 856 541 922 φερνὰς
571 851 801 923 ἆπῴκισ’,
839 852 904 905 ὡς
935 849 1239 921 ἀπαλλαχθῇ
1272 852 1438 900 κακοῦ.

353 940 379 989 ὁ
409 938 452 989 δ’
483 937 543 989 αὖ
572 937 750 1003 λαβὼν
782 934 963 1002 ἀτηρὸν
993 936 1044 988 ἐς
1075 934 1253 999 δόμους
1283 931 1442 1000 φυτὸν
1806 933 1889 986 ⁶30

353 1021 538 1090 γέγηθε
568 1022 759 1086 κόσμον
789 1019 1080 1086 προστιθεὶς
1110 1016 1362 1084 ἀγάλματι

355 1105 509 1158 καλὸν
541 1106 754 1174 κακίστῳ
788 1105 867 1156 καὶ
897 1101 1168 1155 πέπλοισιν
1199 1103 1400 1153 ἐκπονεῖ

353 1190 612 1254 δύστηνος,
644 1190 808 1254 ὄλβον
837 1186 1076 1253 δωμάτων
1103 1184 1376 1251 ὑπεξελών.
1398 1221 1401 1224 -

355 1269 480 1342 [ἔχει
510 1273 551 1325 δ’
585 1271 823 1340 ἀνάγκην,
857 1272 990 1323 ὥστε
1022 1270 1264 1335 κηδεύσας
1296 1272 1466 1322 καλοῖς

354 1361 632 1425 γαμβροῖσι
660 1357 850 1425 χαίρων
883 1352 1093 1426 σῴζεται
1121 1352 1295 1420 πικρὸν
1324 1351 1492 1420 λέχος,
1809 1352 1887 1406 ⁶35

354 1438 384 1506 ἢ
414 1443 611 1509 χρηστὰ
639 1439 839 1508 λέκτρα,
873 1437 1137 1506 πενθεροὺς
1167 1437 1208 1489 δ’
1239 1438 1519 1504 ἀνωφελεῖς

354 1527 534 1591 λαβὼν
564 1524 720 1589 πιέζει
749 1526 950 1593 τάγαθῷ
982 1523 1040 1574 τὸ
1069 1517 1344 1588 δυστυχές.]

353 1610 544 1679 ῥᾷστον
574 1609 615 1660 δ’
646 1610 742 1678 ὅτῳ
773 1607 830 1659 τὸ
859 1606 1027 1673 μηδέν,
1062 1605 1176 1658 ἀλλ’
1209 1603 1475 1673 ἀνωφελὴς

357 1693 530 1762 εὐηθίᾳ
561 1692 665 1744 κατ’
698 1693 834 1744 οἶκον
865 1693 1054 1758 ἵδρυται
1083 1688 1222 1757 γυνή.

357 1777 528 1845 σοφὴν
559 1779 611 1829 δὲ
641 1781 790 1843 μισῶ·
837 1775 903 1841 μὴ
935 1778 1031 1842 γὰρ
1061 1774 1113 1826 ἔν
1143 1774 1191 1842 γ’
1222 1776 1359 1839 ἐμοῖς
1389 1773 1556 1839 δόμοις
1812 1774 1895 1829 640

358 1864 431 1926 εἵη
464 1866 725 1929 φρονοῦσα
755 1859 948 1913 πλείον’
980 1855 1010 1923 ἢ
1041 1863 1249 1926 γυναῖκα
1278 1855 1391 1925 χρή.

357 1945 414 1997 τὸ
444 1948 538 2013 γὰρ
572 1950 841 2011 κακοῦργον
871 1948 1068 2010 μᾶλλον
1102 1944 1310 1995 ε’ντίκτει
1340 1941 1528 2008 Κύπρις

360 2032 413 2081 ἐν
442 2034 547 2083 ταῖς
578 2034 841 2096 σοφαῖσιν·
886 2029 916 2093 ἡ
949 2027 991 2079 δ’
1024 2026 1279 2095 ἀμήχανος
1308 2025 1432 2093 γυνὴ

358 2114 530 2185 γνώμῃ
561 2114 781 2182 βραχείᾳ
810 2113 997 2179 μωρίαν
1028 2110 1271 2183 ἀφῃρέθη·

358 2201 486 2266 χρῆν
517 2197 559 2248 δ’
590 2199 640 2250 ἐς
670 2201 879 2263 γυναῖκα
908 2196 1200 2263 πρόσπολον
1230 2197 1321 2260 μὲν
1352 2193 1409 2246 οὗ
1438 2197 1609 2261 περᾶν,
1815 2196 1896 2248 645

288 2316 476 2365 625-637
509 2315 761 2354 deleverunt
777 2313 847 2353 alii
868 2313 1002 2353 alios:
1032 2313 1214 2364 suspitio
1231 2312 1333 2352 mihi
1350 2318 1415 2351 est
1428 2312 1617 2362 634—637
1634 2315 1676 2349 et
1690 2311 1898 2361 625-626,

235 2376 278 2410 et
323 2370 506 2409 fortasse
546 2370 691 2420 plures
729 2383 798 2408 vv,
839 2382 892 2408 ex
933 2369 1148 2418 Euripidis
1187 2368 1407 2417 Meleagro
1446 2367 1528 2406 huc
1567 2366 1761 2405 invectos
1801 2378 1898 2404 esse

234 2428 315 2475 625
355 2438 417 2475 sq.
461 2425 616 2464 delevit
657 2424 805 2463 Nauck
1029 2425 1194 2476 ἅξασθαι
1234 2422 1356 2461 MB:
1405 2423 1590 2473 αὔξεσθαι
1628 2420 1822 2471 primitus
1858 2420 1899 2459 V

234 2482 317 2531 626
356 2480 572 2531 ἐκπίνομεν
602 2479 806 2518 Pierson:
849 2479 1061 2529 ἐκτίνομεν
1091 2483 1240 2517 contra
1269 2482 1392 2517 metr.
1421 2475 1625 2516 ABLv:
1667 2474 1899 2526 ἐκτείναμεν

237 2535 278 2573 Μ
294 2534 328 2573 Ρ
341 2535 379 2573 Ν
579 2534 661 2572 628
690 2532 912 2587 κάκθρέψας
934 2533 969 2571 Β
996 2533 1142 2585 (τεκὼν
1162 2534 1226 2573 καὶ
1247 2531 1466 2584 ἀναθρέψας
1486 2531 1538 2582 Σ)
1730 2530 1814 2579 630
1843 2531 1899 2571 εἷς

235 2588 378 2640 δόμους
399 2590 547 2643 ἀτηρὸν
568 2588 610 2627 Μ
722 2589 852 2640 φυτὸν
874 2587 968 2626 MA
983 2588 1016 2626 B
1030 2601 1081 2626 v:
1111 2589 1234 2628 κακὸν
1255 2587 1289 2626 L
1302 2586 1386 2625 PV
1403 2599 1413 2625 ε
1440 2602 1506 2638 γρ.
1532 2586 1682 2638 ἀτηρὸν
1702 2587 1746 2625 ἐν
1765 2583 1899 2635 δόμοις

235 2643 360 2685 κακόν
374 2649 406 2687 Σ
421 2644 461 2682 Μ
585 2645 667 2693 633
688 2643 818 2691 ὄλβου
831 2643 864 2680 Ρ
948 2643 1132 2681 fortasse
1153 2645 1358 2694 ὑπεξελῶν
1477 2641 1666 2690 634-637
1686 2638 1899 2678 Videntur

236 2699 291 2737 de
320 2704 438 2737 certa
467 2699 648 2750 quadarn
679 2711 786 2737 nuru
817 2698 900 2737 dici
932 2710 1026 2736 cum
1057 2697 1255 2736 fratribus
1284 2696 1374 2735 suis
1402 2695 1705 2734 discordante:
1742 2693 1898 2733 delevit

238 2752 434 2792 Willems
598 2755 678 2803 634
708 2757 843 2794 καλῶς
866 2752 1095 2791 Kirchhoff
1244 2752 1325 2800 635
1352 2752 1538 2803 γαυροῖσι
1556 2749 1597 2788 V
1751 2749 1834 2798 636
1861 2748 1897 2789 δ’

235 2820 316 2847 orn.
340 2808 382 2846 A
563 2810 644 2858 638
673 2811 772 2862 ῥᾷον
791 2806 971 2846 fortasse
991 2812 1022 2850 Σ
1044 2811 1106 2855 (et
1129 2805 1294 2856 Haun.)
1476 2805 1570 2855 640,
1593 2805 1671 2854 641
1704 2803 1897 2843 Nauckio

236 2863 423 2912 suspecti
551 2864 629 2911 641
661 2865 804 2903 πλεῖον
823 2862 946 2901 codd.
972 2861 1144 2913 (πλείον’
1167 2864 1379 2900 corrector
1397 2858 1564 2912 Haun.)
1671 2858 1753 2912 χρή
1776 2856 1898 2897 MA:

236 2919 344 2970 χρῆν
362 2916 401 2955 V
414 2917 449 2956 B
467 2917 501 2956 L
516 2917 550 2956 P
729 2917 811 2965 642
839 2919 1066 2969 πανοῦργον
1086 2914 1120 2953 L
1135 2914 1170 2953 P
1187 2931 1252 2968 γρ.
1275 2914 1315 2953 V
1492 2915 1588 2963 643,
1608 2914 1690 2963 644
1718 2912 1898 2952 omissos

238 2973 281 3010 in
301 2973 493 3021 margine
513 2973 607 3011 add.
629 2971 677 3010 L.
726 2970 790 3010 Cf.
812 2971 893 3019 649
1022 2971 1103 3018 645
1131 2972 1237 3022 χρῆν
1250 2968 1288 3007 V
1302 2969 1336 3008 L
1350 2969 1427 3012 ΡΣ
1444 2982 1452 3006 :
1482 2969 1566 3022 χρὴ
1589 2967 1631 3006 Μ
1645 2968 1685 3006 Α
1698 2967 1734 3006 Β
1826 2983 1896 3019 γυ·

239 3029 355 3067 raam
374 3026 415 3064 Μ
430 3026 469 3064 Α
485 3045 494 3067 :
524 3029 716 3079 γυναῖκας
734 3024 775 3063 V
789 3025 822 3063 L
837 3024 870 3062 P
884 3025 918 3062 Β
