2118 3366
851 141 1289 218 ΕΥΡΙΠΙΔΟΥ

364 275 570 327 κᾶπειτα
600 272 940 340 συνδήσαντες
969 276 1021 328 ἐς
1052 275 1272 327 θᾶδώλια
1344 304 1346 307 ·

360 360 449 422 τῆς
477 356 595 422 νηὸς
623 359 934 424 ἐμβαλόντες
961 358 1243 411 ἀποδώσειν
1271 357 1369 411 τινὶ

363 439 572 508 πέτρους
599 441 884 510 μοχλεύειν,
915 438 946 506 ἢ
977 441 1018 496 ’ς
1046 446 1251 507 μυλῶνα
1281 445 1604 507 καταβαλεῖν.
1815 456 1898 497 240

238 527 326 577 Κυ.
359 523 566 590 ἄληθες,·
612 525 788 577 οὔκουν
818 526 1023 579 κοπίδας
1054 526 1120 579 ὡς
1150 524 1349 594 τάχιστ’
1381 526 1469 578 ἰὼν

361 606 524 673 θήξεις
552 611 800 677 μαχαίρας
831 609 910 661 καὶ
937 608 1098 676 μέγαν
1128 608 1353 676 φάκελον
1383 606 1548 673 ξύλων

361 692 546 746 ἐπιθεὶς
576 691 812 760 ἆνάψεις;
861 693 926 747 ὡς
957 691 1240 760 σφαγέντες
1270 693 1442 744 αὐτίκα

360 773 615 840 πλήσουσι
643 776 793 841 νηδὺν
823 776 913 841 τὴν
945 776 1066 842 ἐμὴν
1097 775 1180 829 ἀπ’
1212 776 1454 843 ἄνθρακος

360 859 545 926 θερμὴν
573 859 770 913 ἔδοντος
800 864 942 912 δαῖτα
971 865 1038 930 τῷ
1070 862 1336 930 κρεανόμῳ,
1820 876 1896 916 245

358 945 419 995 τὰ
449 942 491 995 δ’
523 945 577 995 ἐκ
606 942 824 1009 λέβητος
856 946 987 1010 ἑφθὰ
1018 943 1098 995 καὶ
1127 944 1380 1009 τετηκότα.

360 1027 425 1080 ὡς
455 1027 675 1081 ἔκπλεώς
705 1049 763 1095 γε
793 1029 959 1081 δαιτός
990 1027 1082 1093 εἰμ’
1112 1028 1365 1094 ὀρεσκόου·

357 1109 470 1164 ἅλις
498 1112 718 1164 λεόντων
749 1113 863 1164 ἐστί
887 1133 971 1177 μοι
1001 1110 1282 1181 θοινωμένῳ

357 1194 563 1262 ἐλάφων
592 1217 661 1255 τε,
695 1196 895 1264 χρόνιος
927 1196 967 1247 δ’
1000 1194 1094 1261 εἴμ’
1126 1195 1210 1247 ἀπ’
1242 1195 1514 1262 ἀνθρώπων
1542 1198 1717 1261 βορᾶς.

233 1283 307 1331 Σι.
356 1281 418 1330 τὰ
448 1278 592 1332 καινά
622 1278 670 1346 γ’
703 1281 756 1331 ἐκ
785 1285 883 1332 τῶν
912 1279 1124 1345 ἠθάδων,
1159 1278 1196 1331 ὦ
1227 1278 1462 1339 δέσποτα,
1818 1294 1899 1334 250

354 1362 508 1428 ἡδίον’
541 1364 694 1416 ἐστίν.
784 1364 840 1415 οὗ
869 1366 965 1431 γὰρ
997 1364 1057 1415 αὖ
1087 1364 1272 1415 νεωστί
1297 1385 1356 1428 γε

356 1446 505 1499 ἄλλοι
535 1448 656 1515 πρὸς
686 1446 841 1514 ἄντρα
872 1469 956 1500 σοι
990 1449 1292 1515 ἐσαφίκοντο
1322 1445 1471 1512 ξένοι.

230 1534 321 1584 Οδ.
355 1531 598 1599 Κύκλωψ,
631 1530 846 1584 ἄκουσον
877 1534 931 1584 ἐν
961 1531 1100 1598 μέρει
1131 1532 1209 1583 καὶ
1239 1536 1336 1583 τῶν
1367 1530 1539 1596 ξένων.

354 1615 493 1681 ἡμεῖς
521 1619 681 1683 βορᾶς
710 1617 977 1688 χρῄζοντες
1010 1615 1234 1681 ἐμπολὴν
1264 1619 1450 1681 λαβεῖν

356 1704 460 1752 σῶν
491 1700 653 1752 ἆσσον
681 1699 873 1767 ἄντρων
902 1699 1124 1766 ἤλθομεν
1153 1701 1276 1754 νεὼς
1305 1698 1418 1751 ἄπο.
1817 1713 1896 1752 255

354 1783 467 1837 τοὺς
497 1783 539 1836 δ’
570 1783 720 1851 ἄρνας
748 1784 866 1850 ἡμῖν
896 1784 1038 1838 οὗτος
1068 1783 1174 1837 ἄντ’
1204 1785 1340 1836 οἴνου
1370 1783 1565 1851 σκύφου

355 1869 630 1934 ἀπημπόλα
659 1890 712 1921 τε
741 1870 938 1921 κᾶδίδου
968 1874 1100 1921 πιεῖν
1129 1868 1309 1934 λαβὼν

353 1953 477 2004 ἑκὼν
509 1955 694 2013 ἑκοῦσι,
729 1952 900 2005 κούδὲν
931 1952 991 2016 ἧν
1021 1952 1208 2004 τούτων
1238 1953 1345 2021 βίᾳ.

354 2036 468 2088 ἀλλ’
500 2037 640 2091 οὗτος
670 2038 805 2104 ὑγιὲς
836 2038 976 2089 οὐδὲν
1007 2038 1076 2088 ὧν
1108 2043 1265 2104 φησιν
1297 2035 1453 2103 λέγει,

351 2122 460 2173 ἐπεὶ
491 2119 779 2189 κατελήφθη
812 2126 906 2172 σοῦ
935 2120 1099 2190 λάθρᾳ
1130 2125 1313 2172 πωλῶν
1342 2122 1404 2171 τὰ
1435 2118 1516 2171 σά.
1818 2123 1896 2163 260

352 2205 447 2272 ἐγώ
457 2226 473 2266 ,·
523 2210 680 2259 κακῶς
709 2207 804 2272 γὰρ
833 2203 1033 2269 ἐξόλοι’.
1208 2208 1299 2256 Οδ.
1389 2205 1432 2256 εἶ
1460 2202 1725 2270 ψεύδομαι.

290 2327 300 2339 .
351 2291 419 2354 μὰ
449 2288 535 2340 τὸν
566 2293 797 2341 Ποσειδῶ
828 2288 915 2341 τὸν
946 2290 1153 2341 τεκόντα
1184 2287 1248 2348 σ’,
1284 2286 1321 2339 ὦ
1355 2287 1597 2354 Κύκλωψ,

350 2375 418 2438 μᾶ
448 2372 534 2425 τὸν
562 2372 722 2440 μέγαν
752 2374 980 2440 Τρίτωνα
1014 2374 1093 2425 καὶ
1124 2372 1210 2425 τὸν
1242 2371 1429 2440 Νηρέα,

348 2459 417 2522 μὰ
446 2456 537 2522 τὴν
569 2458 798 2525 Καλυψὼ
829 2457 917 2512 τάς
947 2479 1000 2510 τε
1031 2456 1240 2524 Νηρέως
1274 2458 1435 2523 κόρας,

349 2539 408 2592 τά
440 2541 483 2592 θ’
517 2543 623 2608 ἱερὰ
655 2541 825 2607 κύματ’
859 2543 1046 2610 ἰχθύων
1077 2563 1130 2593 τε
1160 2545 1259 2593 πᾶν
1291 2540 1452 2608 γένος,
1813 2543 1891 2595 265

228 2291 286 2340 {A
228 2208 286 2256 [ἐ

279 2657 359 2707 238
387 2658 567 2699 τᾶδώλια
597 2658 681 2698 LP
850 2671 931 2708 240
970 2659 995 2708 ἢ
1021 2659 1055 2700 ’ς
1082 2663 1247 2709 μυλῶνα
1275 2656 1520 2697 Ruhnken:
1560 2657 1586 2705 ἢ
1616 2660 1782 2697 πυλῶνα
1808 2654 1894 2696 LP

224 2725 304 2763 243
332 2714 383 2753 ὡς
411 2725 556 2762 apogr.
584 2713 718 2753 Paris.
738 2728 749 2753 ε
778 2712 807 2754 ὦ
831 2714 864 2752 L
879 2713 913 2752 P
1041 2724 1230 2763 244-351
1265 2713 1423 2752 desunt
1443 2711 1486 2749 in
1509 2710 1555 2759 P,
1577 2711 1770 2749 exscisso
1790 2709 1892 2749 folio

224 2778 304 2817 245
334 2766 513 2819 ἔδοντος]
538 2767 717 2810 διδόντες
740 2768 888 2807 Heath
1046 2768 1150 2808 δαῖτ’
1172 2769 1267 2821 ἄτερ
1288 2764 1516 2820 κρεανόμων
1537 2765 1708 2804 Dobree
1732 2763 1892 2817 (-νόμου

224 2821 470 2873 Musgrave)
509 2823 586 2861 sed
628 2823 900 2873 proverbium
940 2822 1111 2862 videtur
1149 2835 1246 2862 esse
1466 2833 1546 2870 247
1588 2821 1664 2870 εἶμ’
1698 2817 1892 2873 ὀρεσκόου

225 2876 283 2916 Η.
300 2876 543 2926 Stephanus
561 2891 570 2915 :
602 2877 840 2931 ἱμεροσκόου
857 2877 891 2916 L
1001 2889 1079 2926 251
1113 2876 1180 2929 αὖ]
1200 2876 1270 2918 οὖν
1285 2875 1446 2915 Reiske
1558 2886 1638 2924 252
1669 2890 1735 2915 σοι
1752 2874 1892 2926 ἐσαφί-

225 2946 346 2973 κοντο
378 2931 529 2982 scripsi
565 2932 627 2982 (id
661 2939 728 2971 est
760 2931 1106 2983 σούσαφίκοντο);
1150 2932 1199 2971 cf.
1236 2945 1275 2971 v.
1314 2931 1424 2970 288:
1466 2930 1520 2970 τὰ
1555 2930 1594 2970 σ’
1627 2929 1824 2981 ἀφίκοντο
1854 2928 1890 2966 L

226 2987 305 3036 258
333 2986 490 3027 τούτων
511 2986 677 3026 Barnes
696 3000 705 3025 τ
740 2986 873 3027 τούτω
894 2986 929 3025 L
1067 2989 1148 3026 260
1187 2986 1275 3027 ἐπεί
1291 2986 1334 3038 γ’
1357 2985 1516 3038 ἐλήφθη
1537 2983 1683 3023 Heath
1704 2982 1890 3023 fortasse

223 3048 361 3090 recte3
391 3041 552 3092 tragica
571 3054 757 3092 persona
776 3041 961 3091 loquitur
1127 3043 1207 3091 265
1237 3040 1290 3082 τά
1311 3041 1343 3082 θ’
1365 3040 1590 3079 Hermann
1611 3052 1621 3079 :
1649 3037 1706 3091 μά
1725 3038 1758 3079 θ’
1781 3038 1817 3077 L
