2118 3366
878 130 1322 182 ΕΤΡΙΠΙΔΟΎ

381 258 488 313 τάδ’
520 261 630 313 ἐστὶ
660 265 867 326 θνητῶν,
900 260 1169 313 λανθάνειν
1200 263 1263 313 τὰ
1292 259 1359 327 μὴ
1392 258 1537 311 καλό..

321 383 324 386 -
381 342 482 396 οὐδ’
515 345 742 397 ἐκπονεῖν
771 366 848 397 τοι
876 343 972 413 χρὴ
1003 345 1120 410 βίον
1150 346 1268 397 λίαν
1297 344 1526 411 βροτούς·

382 421 533 480 Τοὗδὲ
564 427 751 495 στέγην
781 430 876 495 γὰρ
907 428 966 493 ἧς
998 433 1294 496 κατηρεφεΐς
1325 428 1468 493 δόμοι

384 515 554 566 καλῶς
583 506 980 579 ἆκριβῶσειαν·”1“
1023 514 1075 566 ἐς
1106 514 1160 564 δὲ
1189 511 1281 576 τὴν
1316 511 1473 579 τύχην

382 595 595 648 πεσοΰσ’
627 596 754 661 ὅσην
786 595 851 648 σὺ
880 600 984 650 πῶς
1013 594 1075 647 ἂν
1107 597 1336 648 ἐκνεῦσαι
1367 599 1551 655 δοκεῖς;
1845 608 1926 654 470

384 678 517 739 ἀλλ’,
551 681 595 732 εἶ
624 681 686 731 τὰ
716 680 872 732 πλείω
902 681 1102 747 χρηστὰ
1131 683 1229 732 τῶν
1260 683 1422 731 κακῶν
1453 679 1602 747 ἔχεις,

383 761 641 830 ἄνθρωπος
672 763 815 822 οὖσα,
852 762 1004 830 κάρτα
1036 762 1083 830 γ’
1116 763 1168 815 εὖ
1197 761 1433 830 πράξειας
1463 762 1540 815 ἄν.

468 846 600 906 ἀλλ’,
634 845 671 898 ὦ
704 849 829 915 φίλη
861 851 966 907 παῖ,
1001 850 1130 914 λῆγε
1158 850 1249 912 μὲν
1283 851 1442 899 κακῶν
1473 850 1686 913 φρενῶν,

381 929 540 996 Λῆξον
570 930 613 982 δ’
644 930 920 999 ὑβρίζουσ’·
965 931 1022 983 οὐ
1054 933 1148 998 γὰρ
1180 930 1309 983 ἄλλο
1340 930 1474 995 πλὴν
1502 932 1650 998 ὕβρις

383 1012 489 1065 τάδ’
523 1016 648 1074 ἐστί,
684 1016 902 1082 κρείσσω
934 1015 1183 1080 δαιμόνων
1216 1016 1341 1067 εἶναι
1373 1013 1556 1066 θέλειν·
1842 1028 1924 1071 475

382 1097 546 1164 τόλμα
575 1098 616 1150 δ’
648 1100 831 1165 ἐρῶσα·
879 1098 990 1153 θεὸς
1023 1097 1276 1165 ἐβουλήθη
1308 1097 1439 1150 τάδε.

385 1186 609 1234 νοσοῦσα
638 1181 679 1234 δ’
711 1182 763 1234 εὖ
793 1204 897 1236 πως
926 1182 1015 1247 τὴν
1048 1183 1200 1235 νόσον
1235 1181 1598 1250 καταστρέφου.

385 1267 515 1318 εἰσὶν
547 1266 589 1318 δ’
622 1267 806 1336 ἐπῳδαὶ
836 1268 915 1319 καὶ
945 1268 1091 1334 λόγοι
1123 1267 1420 1333 θελκτήριοι·

385 1348 673 1416 φανήσεταί
696 1372 743 1402 τι
772 1354 929 1416 τῆσδε
958 1350 1221 1417 φάρμακον
1251 1351 1419 1403 νόσου.

383 1432 414 1498 ἧ
444 1433 550 1501 τᾶρ’
581 1434 643 1486 ἂν
673 1433 774 1501 ὀψέ
802 1434 849 1501 γ’
881 1434 1053 1501 ἄνδρες
1085 1435 1328 1502 ἐξεύροιεν
1359 1434 1435 1494 ἄν,
1842 1440 1926 1493 480

385 1519 428 1570 εἷ
457 1517 525 1583 μὴ
557 1523 784 1585 γυναῖκες
814 1521 1042 1587 μηχανὰς
1074 1518 1363 1586 εὑρήσομεν.

261 1605 351 1653 Χο.
384 1603 592 1669 Φαίδρα,
625 1601 765 1670 λέγει
794 1605 887 1668 μὲν
915 1603 1005 1668 ἥδε
1035 1603 1386 1671 χρησιμώτερα

385 1685 507 1753 πρὸς
536 1685 626 1751 τὴν
656 1691 915 1754 παροῦσαν
945 1686 1218 1755 ξυμφοράν,
1252 1689 1371 1739 αἰνῶ
1405 1689 1458 1740 δὲ
1489 1686 1566 1739 σε’.

386 1771 411 1820 ὁ
442 1770 484 1821 δ’
514 1770 649 1824 αἶνος
681 1771 822 1825 οὗτος
852 1770 1246 1840 δυσχερέστερος
1275 1772 1443 1838 λόγων

383 1860 480 1906 τῶν
510 1857 663 1919 τῆσδε
696 1856 774 1908 καὶ
806 1856 888 1907 σοὶ
916 1860 1112 1921 μᾶλλον
1144 1856 1336 1923 ἆλγίων
1367 1855 1549 1908 κλύειν.
1845 1862 1923 1912 485

261 1941 356 1990 Φα.
378 1937 507 1990 τοῦτ’
538 1938 648 1991 ἔσθ’
682 1938 708 1990 ὃ
746 1942 938 2004 θνητῶν
968 1941 1020 1992 εὖ
1052 1941 1224 1994 πόλεις
1255 1939 1541 2005 οἰκουμένας

385 2022 563 2088 δόμους
592 2022 634 2074 τ’
666 2023 931 2084 ἇπόλλυσ’,
967 2027 1014 2076 οἱ
1045 2026 1191 2078 καλοὶ
1220 2026 1337 2077 λίαν
1366 2026 1527 2092 λόγοι.

385 2105 442 2158 οὐ
471 2109 566 2174 γὰρ
597 2109 657 2158 τὰ
686 2113 849 2160 τοῖσιν
880 2109 974 2161 ὠσὶ
1008 2112 1194 2176 τερπνὰ
1224 2109 1319 2178 χρὴ
1353 2109 1538 2176 λέγειν,

315 2226 392 2274 467
423 2224 506 2278 χρὴ
530 2225 563 2264 L
577 2224 654 2269 ΡΣ
675 2239 683 2264 :
713 2228 816 2279 χρῆν
835 2226 875 2265 Μ
891 2226 982 2265 AV
1093 2228 1188 2269 λίαν
1208 2226 1352 2275 βίονν
1368 2226 1430 2274 (et
1452 2224 1616 2278 Haun.)
1749 2226 1830 2275 468
1851 2225 1923 2266 Sic

261 2280 384 2319 codd.
409 2284 452 2318 et
472 2285 503 2323 Σ
525 2280 641 2329 (nam
662 2279 766 2319 falso
787 2293 811 2319 e
827 2286 858 2324 Σ
879 2287 1083 2320 eruerunt
1106 2282 1216 2323 δόκοι
1239 2282 1292 2321 Β2
1313 2287 1355 2321 et
1374 2280 1662 2328 Valckenaer)
1775 2282 1856 2321 οὐδ’
1876 2282 1925 2322 ἂν

260 2350 418 2387 στεγην
448 2334 605 2373 Monk:
639 2333 731 2375 οὐδὲ
761 2334 919 2388 στέγην
947 2338 1024 2377 τᾶν
1052 2337 1217 2387 Reisig.
1280 2336 1478 2375 Fortasse
1508 2334 1589 2376 οὐδ’
1612 2338 1654 2376 ἐν
1684 2333 1816 2389 στέγῃ
1845 2336 1924 2388 γὰρ

308 2417 319 2429 .
360 2420 369 2429 .
406 2394 539 2431 καλῶς
574 2390 817 2442 ἄκριβώσαις
849 2392 897 2431 ἂν
937 2399 1012 2440 (5ο.
1053 2392 1126 2432 τὸν
1159 2392 1269 2441 βίον)
1473 2392 1554 2440 469
1597 2390 1841 2443 ἄκριβώσαις
1875 2391 1925 2431 ἂν

261 2420 461 2493 Hadley:
491 2445 540 2485 ἂν
559 2444 791 2513 ἠκρίβωσαν
810 2438 1098 2484 Wilamowitz
1222 2445 1376 2497 τύχην]
1398 2445 1518 2484 codd.
1542 2449 1586 2483 et
1606 2450 1652 2483 ut
1672 2450 1776 2494 puto
1796 2449 1827 2488 Σ
1849 2447 1924 2493 (εἷς

258 2496 303 2538 δὲ
337 2499 487 2547 ἄδηλον
519 2497 701 2550 πέλαγος
734 2501 810 2548 τῆς
844 2498 1033 2552 τύχηςΣ
1002 2500 1118 2543 §ad
1152 2500 1450 2551 explicandam
1485 2499 1824 2551 metaphoram:
1867 2499 1923 2540 εἷς

259 2556 445 2594 κλυδῶνα
466 2551 539 2593 δε.
601 2554 730 2594 .ὅσον
751 2554 802 2594 σὺ
824 2554 1039 2604 Gomperz
1219 2567 1300 2604 470
1330 2557 1515 2595 ἐκνεῦσαι
1535 2553 1587 2592 ab
1609 2551 1732 2595 ἐκνέω
1753 2553 1924 2593 deducit

260 2612 306 2657 Σ,
341 2607 395 2647 ab
431 2607 578 2649 ἐκνεύω
609 2607 801 2649 Verrall:
844 2611 1059 2650 ἐκπνεῦσαι
1092 2608 1253 2648 MVB2
1464 2621 1540 2658 471
1580 2607 1691 2660 ἔχοις
1726 2607 1923 2648 Lascaris

259 2674 339 2710 472
369 2660 481 2715 »cap-r'
505 2661 549 2703 εὖ
570 2661 633 2701 L:
664 2675 772 2703 corr.
798 2663 815 2701 l
1003 2677 1084 2714 473
1114 2669 1270 2718 φρενῶν
1290 2668 1423 2705 κακῶν
1444 2663 1488 2702 Η
1680 2664 1763 2712 480
1791 2662 1816 2712 ἦ
1836 2662 1922 2716 τᾶρ

259 2717 307 2756 ἂν
346 2716 517 2756 Brunck
556 2716 758 2769 (fortasse
798 2717 878 2768 Σ);
920 2718 946 2766 ἧ
978 2720 1057 2771 γὰρ
1092 2720 1140 2760 ἃν
1175 2719 1216 2757 Μ
1231 2718 1348 2757 AV:
1391 2717 1416 2766 ἢ
1449 2716 1489 2758 τ’
1523 2718 1570 2771 ἄρ
1573 2736 1597 2759 α
1630 2718 1716 2768 (vel
1751 2717 1845 2772 ἆρα)
1879 2716 1922 2770 γ’

260 2770 294 2808 Β
312 2770 343 2808 L
359 2770 392 2809 P
406 2771 449 2810 H
639 2773 718 2821 482
748 2775 1049 2842 χρησιμώτεραι
1072 2773 1113 2811 Μ
1299 2774 1380 2822 483
1410 2777 1529 2824 ξυμφ.
1552 2773 1586 2811 Β
1601 2772 1635 2810 L
1651 2773 1684 2810 P
1698 2772 1767 2812 N:
1797 2780 1922 2824 συμφ.

260 2823 301 2862 Μ
317 2823 357 2862 Α
370 2826 408 2864 V
591 2827 672 2876 484
702 2827 1028 2881 δυστυχέστερος
1051 2827 1091 2866 Μ
1108 2827 1142 2865 Β
1157 2827 1199 2867 H
1218 2833 1276 2870 Σ.
1307 2828 1359 2866 de
1380 2826 1419 2864 A
1440 2827 1645 2866 incertum
1783 2826 1923 2879 ψόγων

258 2878 373 2918 Weil
396 2879 553 2933 (λόγων
572 2882 700 2920 etiam
722 2885 771 2926 Σ)
911 2883 991 2931 485
1022 2885 1095 2922 σοῦ
1116 2888 1159 2921 et
1180 2883 1326 2934 ἄλγιον
1347 2881 1388 2919 Μ
1529 2883 1608 2931 487
1639 2882 1673 2922 δ’
1691 2880 1922 2922 ἀπόλλυσιν

257 2933 296 2972 V
513 2937 594 2984 488
623 2936 676 2976 τὰ
695 2934 984 2975 Wilamowitz
1012 2950 1036 2975 e
1052 2941 1083 2980 Σ
1107 2936 1169 2987 (οὐ
1188 2937 1268 2989 γὰρ
1287 2937 1340 2976 τὰ
1358 2937 1454 2988 πρὸς
1474 2937 1655 2985 ἡδονὴν.
1713 2937 1829 2983 Σ);
1857 2952 1920 2977 τοι

258 2988 296 3027 V
313 2988 349 3028 N
371 2995 414 3030 et
435 2995 534 3029 ante
555 3002 661 3030 corr.
687 2990 750 3030 L.
779 3007 819 3031 τι
841 2990 882 3029 Μ
896 2990 936 3029 Α
951 2990 1002 3030 L2
1016 2991 1049 3030 P
1160 2990 1261 3045 χρὴ]
1285 2993 1350 3031 δεῖ
1367 2990 1401 3029 L
1415 2990 1498 3030 PB
1520 2996 1562 3030 et
1581 2990 1643 3030 sic
1664 2990 1802 3030 reddit
1821 2994 1852 3035 Σ
