2118 3366
978 90 1419 140 ΕΎΡΙΠῙΔΟΎ·

490 219 700 270 ἐνταῦθα
729 217 787 282 δὴ
818 217 1050 286 ’δάκρυσε
1081 220 1162 272 καὶ
1189 218 1332 287 λέγει
1359 219 1494 273 τάδε·

482 300 557 352 Ὦ
585 300 810 368 λέκτρον,
843 301 964 353 ἔνθα
992 301 1241 369 παρθένει’
1271 303 1413 356 ἔλυσ’
1436 303 1543 371 Υἐγὼ

491 384 745 452 κορεύματ’
777 386 830 436 ἐκ
860 385 990 437 τοῦδ’
1021 387 1213 454 ἀνδρός,
1245 387 1301 438 οὗ
1332 388 1532 458 θνῄσκω
1561 385 1690 454 πέρι,

486 468 638 535 χαῖρ’·
683 468 740 519 οὗ
768 469 864 535 γᾶρ
894 470 1109 537 ἐχθαίρω
1141 470 1212 520 σ’·
1257 470 1526 524 ἀπώλεσας
1556 469 1599 522 δ’
1633 472 1720 536 ἐμὲ

487 553 660 617 μόνην·
705 555 969 619 προδοῦναι
999 552 1094 619 γάρ
1125 553 1174 604 σ’
1205 554 1421 606 ὀκνοῦσα
1452 554 1531 605 καὶ
1561 555 1716 606 πόσιν
1948 562 2026 602 180

488 637 705 707 θνῄσκω.
795 638 856 688 σὲ
887 635 928 688 δ’
959 635 1090 701 ἄλλη
1121 658 1196 690 τις
1225 636 1348 703 γυνὴ
1381 635 1690 701 κεκτήσεται,

488 719 709 786 σώφρων
737 722 830 784 μὲν
859 719 945 771 οὐκ
975 719 1037 771 ἂν
1066 723 1278 785 μᾶλλον,
1313 720 1521 788 εὐτυχὴς
1551 720 1594 772 δ’
1624 722 1766 775 ἴσως.

572 807 706 854 κυνεῖ
732 805 786 854 δὲ
815 805 1209 869 προσπίτνουσα,
1243 808 1343 857 πᾶν
1372 807 1425 856 δὲ
1455 804 1654 871 δέμνιον

486 886 912 956 ὀφθαλμοτέγκτῳ
944 888 1134 939 δεύεται
1165 889 1484 955 πλημμυρίδι.

485 970 593 1023 ἐπεὶ
622 973 676 1022 δὲ
705 976 910 1023 πολλῶν
941 972 1160 1038 δακρύων
1192 972 1328 1039 εἶχεν
1360 973 1520 1038 κόρον,
1949 980 2023 1030 185

485 1056 677 1122 στείχει
706 1054 969 1121 προνωπὴς
999 1057 1285 1107 ἐκπεσοῦσα
1315 1057 1540 1121 δεμνίων,

485 1138 565 1189 καὶ
595 1140 764 1190 πολλὰ
796 1137 1032 1204 θαλάμων
1065 1138 1247 1204 ἐξιοῦσ’
1280 1139 1571 1207 ἐπεστράφη

486 1221 727 1290 κᾶρριψεν
757 1222 908 1287 αὐτὴν
940 1223 1078 1277 αὖθις
1108 1226 1158 1277 ἐς
1190 1225 1354 1288 κοίτην
1382 1224 1553 1276 πάλιν.

483 1310 654 1360 παῖδες
684 1309 737 1358 δὲ
766 1306 974 1359 πέπλων
1003 1307 1186 1374 μητρὸς
1216 1306 1533 1374 ἐξηρτημένοι

486 1390 703 1442 ἔκλαιον·
750 1389 780 1455 ἢ
812 1392 865 1442 δὲ
896 1390 1213 1456 λαμβάνουσ’
1244 1394 1295 1445 ἐς
1325 1391 1548 1458 ἀγκάλας
1948 1411 2026 1450 190

483 1474 719 1538 ἠσπάζετ’
750 1474 925 1526 ἄλλοτ’
958 1474 1131 1534 ἄλλον,
1166 1476 1230 1528 ὡς
1261 1475 1553 1540 θανουμένη.

484 1558 666 1612 πάντες
696 1558 738 1609 δ’
770 1558 970 1610 ἔκλαιον
1001 1558 1186 1611 οἰκέται
1219 1562 1340 1610 κατὰ
1371 1559 1557 1626 στέγας

483 1642 751 1694 δέσποιναν
781 1645 1094 1709 οἰκτίροντες.
1181 1642 1211 1707 ἢ
1243 1646 1295 1695 δὲ
1326 1641 1493 1706 δεξιὰν

482 1726 726 1793 προύτειν’
758 1727 969 1797 ἑκάστῳ,
1004 1728 1165 1779 κοῦτις
1196 1726 1256 1791 ἦν
1286 1729 1411 1779 οὕτω
1444 1727 1591 1781 κακὸς

483 1810 539 1861 ὃν
570 1810 625 1861 οὐ
658 1816 903 1878 προσεῖπε
935 1811 1013 1862 καὶ
1044 1810 1358 1879 προσερρήθη
1390 1811 1560 1863 πάλιν.
1948 1830 2022 1869 195

480 1894 663 1946 τοιαῦτ’
695 1896 750 1946 ἐν
777 1897 929 1949 οἴκοις
958 1895 1100 1947 ἐστὶν
1129 1894 1375 1960 Ἀδμήτου
1407 1895 1544 1947 κακά.

483 1980 561 2030 καὶ
593 1980 845 2031 κατθανών
874 1979 966 2031 τᾶν
998 1979 1158 2038 ὤλετ’,
1193 1980 1423 2047 ἐκφυγών
1453 1979 1495 2031 δ’
1526 1979 1632 2047 ἔχει

479 2068 717 2115 τοσοῦτον
746 2063 917 2131 ἄλγος,
952 2064 1008 2114 οὗ
1039 2063 1283 2115 ποτ’-οὐ
1311 2063 1602 2128 λελήσεται.

354 2152 445 2198 Xo.
477 2146 507 2210 ἦ
538 2169 633 2199 που
664 2147 889 2211 στενάζει
918 2147 1096 2199 τοισίδ’
1119 2146 1370 2213 ’Ἄδμητος
1402 2154 1581 2206 κακοῖς,

480 2232 667 2296 ἐσθλῆς
697 2231 927 2298 γυναικὸς
958 2234 1000 2284 εἰ
1033 2233 1337 2298 στερηθῆναί
1363 2238 1468 2298 σφε
1497 2231 1619 2299 χρή,·
1940 2249 2021 2277 200

356 2317 446 2366 Θε.
482 2316 641 2367 κλαίει
671 2315 718 2382 γ’
749 2316 938 2368 ἄκοιτιν
970 2318 1023 2368 ἐν
1053 2321 1223 2384 χεροῖν
1255 2317 1412 2383 φίλην
1444 2316 1591 2384 ἔχων,

479 2400 558 2450 καὶ
588 2399 654 2464 μὴ
685 2404 952 2467 προδοῦναι
980 2402 1234 2460 λίσσεται,
1267 2399 1531 2468 τάμήχανα

409 2515 486 2565 178
507 2516 680 2555 damnat
696 2516 845 2555 Nauck
861 2530 870 2566 ;
900 2517 1047 2556 habuit
1064 2521 1095 2558 Σ
1204 2515 1314 2570 πέρι]
1330 2515 1452 2568 πάρος
1463 2514 1756 2556 Wilamowitz
1887 2527 1964 2564 179
1984 2516 2020 2557 δ’

353 2569 444 2621 ἐμὲ]
474 2569 521 2610 δέ
545 2588 597 2621 με
625 2584 789 2621 omnes,
820 2578 867 2610 ut
895 2572 998 2621 vid.‚
1031 2572 1152 2610 codd.
1325 2572 1405 2611 180
1437 2570 1584 2622 μόνην]
1613 2570 1736 2620 μόνον
1764 2569 2019 2610 Blomfield:

351 2625 530 2662 sortasse
552 2623 598 2665 δέ
615 2637 681 2675 με·
709 2625 812 2676 μόνη
833 2643 897 2679 πρ.
918 2643 958 2678 γ.
982 2627 1022 2666 ‹r'
1043 2635 1168 2667 κ.τ.λ.
1304 2628 1380 2665 182
1410 2628 1482 2666 οὐκ
1502 2626 1550 2666 ἂν
1572 2625 1605 2663 L
1621 2621 1706 2662 PV
1721 2624 1755 2661 B
1777 2631 1819 2662 et
1841 2624 1915 2663 Ar.
1940 2624 2018 2674 Eq.

355 2691 456 2728 1252
478 2692 572 2717 cum
593 2685 624 2722 Σ
643 2679 720 2720 Ar.
740 2681 793 2719 ad
815 2680 893 2720 loc.
914 2699 922 2721 ε
955 2682 1048 2732 οὐχὶ
1072 2680 1226 2719 Suidas
1246 2693 1278 2720 S.
1292 2694 1331 2721 V.
1353 2680 1536 2728 κλέπτης
1706 2679 1782 2727 184
1814 2679 2018 2730 ὀφθαλμο-

350 2732 513 2785 τέγκτῳ
544 2733 639 2772 Pb:
679 2733 999 2787 ὂφθαλμοτέκτῳ
1029 2734 1166 2774 VBL
1350 2734 1489 2776 δεύετο
1520 2733 1612 2782 LP,
1647 2734 1718 2783 qui
1751 2734 1877 2772 etiam
1908 2733 2018 2774 κύνει

350 2794 619 2838 paroxytone
640 2801 770 2839 supra
897 2789 971 2838 187
1003 2789 1193 2839 θαλάμων
1214 2789 1386 2829 Nauck:
1418 2788 1598 2840 θάλαμον
1618 2788 1739 2827 codd.
1866 2800 1944 2837 190
1975 2791 2018 2828 ἐν

350 2841 548 2893 ἀγκάλαις
570 2843 602 2881 L
618 2843 651 2881 P
794 2857 868 2893 197
898 2843 936 2884 τ’
958 2845 1008 2885 ἂν
1027 2845 1148 2883 codd.
1275 2844 1310 2885 δ’
1330 2843 1417 2883 VB
1434 2844 1492 2882 L:
1523 2843 1568 2883 τ’·
1584 2842 1618 2880 Ρ
1774 2843 1851 2891 198
1882 2849 1890 2862 ‘
1906 2840 2022 2892 quod

350 2897 714 2946 aliquando—non
735 2899 882 2936 oblitus
900 2898 994 2936 erit’
1157 2897 1202 2939 οὗ
1221 2898 1313 2939 ποτ’
1335 2901 1379 2939 οὗ
1399 2898 1488 2936 fere
1508 2897 1629 2937 codd.
1653 2896 1707 2947 (V
1722 2895 1785 2945 L¹‚
1808 2895 1946 2936 οὔποτ’
1969 2898 2015 2936 οὗ

352 2951 385 2989 L
399 2951 459 2990 Bt
490 2951 535 2991 οἷ’]
554 2952 646 2992 ποτ’
667 2955 710 2992 οὐ
733 2952 783 2990 B2
801 2966 810 2990 τ
838 2955 986 2993 arfa-ove
1009 2952 1059 3004 P)
1081 2967 1090 2991 ε
1120 2953 1254 2993 οὔποθ’
1276 2951 1321 2993 οῧ
1342 2952 1492 2991 Nauck
1673 2964 1749 3000 199
1777 2955 1910 2992 τοῖσιν
1931 2950 1965 2989 L
1980 2950 2015 2989 P

351 3005 639 3057 (wrms'VB)
785 3021 866 3046 200
897 3006 1392 3058 ειἸ.Ρ;ᾕ“Β;τ”’ἧςῖῘΒ2
1502 3017 1582 3059 σφε
1606 3005 1904 3059 LPB:·er
