2118 3366
987 126 1423 176 ΕΥΡΙΠΙΔΟΥ

496 252 768 308 Κύκλωπες
797 253 987 306 οἷκοῢσ’
1018 253 1153 322 ἄντρ’
1184 255 1324 322 ἔρημ’
1355 256 1687 324 ἀνδροκτόνοι.

494 336 679 389 τούτων
710 337 821 391 ἑνὸς
852 337 1132 405 ληφθέντες
1163 341 1318 404 ἐσμὲν
1347 341 1401 391 ἐν
1432 342 1600 405 δόμοις

493 424 676 472 δοῦλοι·
724 425 937 473 καλοῦσι
969 421 1010 473 δ’
1042 421 1190 474 αὐτὸν
1221 420 1258 493 ᾧ
1289 423 1592 490 λατρεύομεν

496 504 828 571 Πολύφημον·
876 505 988 558 ἀντὶ
1020 505 1062 557 δ’
1093 506 1236 558 εὐίων
1265 506 1632 574 βακχευμάτων
1984 523 2037 565 25

492 588 704 653 ποίμνας
734 588 1024 644 Κύκλωπος
1040 590 1246 642 ἀνοσίου
1276 592 1617 656 ποιμαίνομεν.

493 675 665 726 παῖδες
691 674 784 738 μὲν
814 672 900 724 οὖν
929 693 1014 738 μοι
1048 673 1259 726 κλιτύων
1289 675 1343 727 ἐν
1375 673 1612 743 ἐσχάτοις

491 754 697 822 νέμουσι
726 759 864 821 μῆλα
893 755 983 808 νέα
1014 755 1119 808 νέοι
1149 758 1441 826 πεφυκότες,

494 839 591 907 ἐγὼ
622 841 675 892 δὲ
705 843 926 907 πληροῦν
959 841 1148 907 πίστρα
1179 841 1259 893 καὶ
1289 842 1483 909 σαίρειν
1513 841 1699 911 στέγας

491 922 654 989 μένων
683 921 925 991 τέταγμαι
956 922 1128 983 τάσδε,
1161 929 1286 995 τῷδε
1315 929 1563 991 δυσσεβεῖ
1987 944 2040 986 30

493 1007 730 1060 Κύκλωπι
759 1008 971 1061 δείπνων
1003 1009 1223 1061 ἀνοσίων
1253 1008 1492 1063 διάκονος.

491 1091 570 1143 καὶ
599 1096 701 1152 νῦν,
734 1092 794 1143 τὰ
824 1092 1209 1160 προσταχθέντ’,
1245 1094 1525 1163 ἀναγκαίως
1553 1092 1660 1162 ἔχει

492 1177 685 1243 σαίρειν
716 1179 894 1247 σιδηρᾷ
923 1176 1041 1249 τῇδέ
1068 1176 1119 1242 μ’
1151 1177 1348 1250 ἀρπάγῃ
1381 1178 1571 1243 δόμους,

493 1259 557 1314 ὡς
586 1260 673 1312 τόν
702 1259 746 1311 τ’
778 1261 970 1313 ἀπόντα
1001 1262 1253 1326 δεσπότην
1285 1261 1517 1314 Κύκλωπ’
1549 1261 1669 1327 ἐμὸν

492 1348 782 1412 καθαροῖσιν
813 1343 1012 1413 ἄντροις
1042 1344 1180 1411 μῆλά
1209 1346 1253 1398 τ’
1286 1346 1623 1414 ἐσδεχῶμεθα.
1986 1362 2036 1404 35

489 1428 580 1494 ἤδη
613 1431 667 1481 δὲ
696 1433 874 1484 παῖδας
906 1428 1285 1497 προσνέμοντας
1317 1431 1495 1496 εἰσορῶ

490 1514 717 1578 ποίμνας.
791 1514 843 1565 τί
870 1518 1047 1574 ταῦτα;
1093 1518 1200 1580 μῶν
1233 1515 1406 1581 κρότος
1440 1516 1694 1567 σικινίδων

490 1598 657 1662 ὁμοῖος
687 1598 801 1662 ὑμῖν
833 1602 921 1649 νῦν
952 1619 1007 1650 τε
1035 1598 1168 1665 χῶτε
1200 1600 1399 1668 Βακχίῳ

490 1686 643 1747 κῶμοι
675 1682 1067 1745 συνασπίζοντες
1097 1682 1339 1736 Ἀλθαίας
1369 1683 1548 1748 δόμους

488 1765 697 1839 προσῇτ’
731 1767 918 1819 ἀοιδαῖς
948 1767 1214 1833 βαρβίτων
1245 1767 1602 1832 σαυλούμενοι,·
1980 1785 2035 1825 40

363 1887 568 1924 ΧΟΡΟΣ
613 1887 903 1924 ΣΑΤΥΡΩΝ

487 1967 582 2014 παῖ
607 1962 849 2029 γενναίων
878 1964 970 2028 μὲν
1000 1961 1223 2028 πατέρων
1902 1967 2033 2038 [στρ.

488 2048 731 2112 γενναίων
762 2046 804 2098 τ’
836 2048 890 2098 ἐκ
922 2046 1159 2104 τοκάδων,

487 2137 556 2201 πᾷ
586 2129 644 2195 δή
673 2151 757 2196 μοι
789 2131 906 2202 νίσῃ
939 2129 1239 2190 σκοπέλους;

571 2214 628 2265 οὗ
656 2214 759 2285 τᾷδ’
790 2213 1037 2280 ὑπήνεμος
1068 2215 1191 2282 αὔρα

574 2299 652 2350 καὶ
681 2300 863 2365 ποιηρᾶ
893 2298 1110 2364 βοτάνα;
1978 2314 2033 2355 45

488 2381 655 2435 δινᾶέν
687 2382 729 2434 θ’
759 2384 888 2450 ὕδωρ
919 2387 1153 2449 ποταμῶν

488 2467 542 2518 ἐν
570 2468 800 2533 πίστραις
833 2471 987 2518 κεῖται
1017 2467 1175 2521 πέλας
1205 2466 1289 2519 ἄν-

488 2571 639 2617 τρων,·
688 2551 744 2603 οὔ
775 2572 856 2603 σοι
888 2551 1085 2619 βλαχαὶ
1114 2551 1319 2612 τεκέων,·

387 2694 463 2708 —-·
488 2662 654 2729 ψύττ’·
700 2662 756 2716 οὗ
784 2663 889 2734 τᾷδ’
921 2664 1000 2725 οὔ,·
1048 2665 1104 2715 οὐ
1133 2667 1249 2733 τᾷδε
1278 2669 1402 2735 νεμῇ
1831 2660 2030 2730 [ἔφυμν.

485 2746 657 2799 κλιτὺν
688 2746 959 2815 δροσεράν,·
1976 2760 2032 2800 50

414 2876 468 2915 30
494 2868 600 2906 τῶδε
623 2865 656 2904 L
670 2864 705 2904 P
723 2878 733 2904 τ
762 2869 820 2907 τῶ
840 2882 887 2906 τε
911 2864 959 2903 L²
977 2869 1050 2904 aut
1071 2863 1089 2903 l
1222 2877 1275 2915 32
1305 2864 1393 2917 ἔχει
1414 2862 1432 2902 l
1444 2861 1502 2902 P:
1535 2862 1625 2913 ἔχοι
1646 2861 1681 2902 L
1701 2866 1746 2902 et
1765 2872 1974 2912 suprascr.
1993 2859 2028 2899 P

358 2930 415 2968 39
454 2923 578 2970 κῶμοι
619 2919 678 2958 L:
728 2921 853 2971 κώμοι
894 2919 956 2959 P:
999 2920 1144 2970 κώμοις
1179 2918 1349 2958 Bothe:
1392 2918 1511 2968 κάμοὶ
1547 2917 1726 2956 Florens
1761 2916 2029 2955 Christianus

359 2984 410 3021 41
441 2977 517 3014 παΐ
533 2974 685 3024 scripsi
703 2987 712 3014 ε
742 2978 802 3028 πᾷ
821 2974 869 3023 δή
887 2990 953 3024 μοι
975 2973 1009 3012 L
1025 2973 1070 3025 P,
1095 2979 1141 3012 ut
1159 2986 1197 3012 V.
1218 2986 1272 3023 43
1420 2985 1473 3022 42
1502 2970 1608 3014 τ’ἐκ
1630 2971 1664 3014 L
1678 2971 1736 3014 P:
1767 2969 1802 3013 δ’
1825 2973 1870 3012 ἐκ
1892 2970 2027 3011 Ludv.

362 3026 548 3068 Dindorf
706 3029 760 3078 46
788 3029 821 3069 θ’
841 3029 943 3075 ὕδωρ
966 3027 999 3066 L
1013 3027 1047 3068 P
1067 3043 1076 3069 :
1106 3028 1140 3070 δ’
1162 3030 1262 3082 ὕδωρ
1283 3027 1509 3068 Wecklein
