2118 3366
213 2819 443 2868 legendum

213 2873 407 2968 lxxii-220,
425 2885 502 2913 221
526 2874 642 2914 delet
664 2874 812 2914 Hirzel

801 109 1306 158 ΑΝΔΡΟΜΑΧΗ

349 241 508 294 Φθίας
538 239 805 306 τυράννους
833 241 996 298 ὄντας,
1027 234 1092 303 ἢν
1123 238 1188 290 σὺ
1216 237 1284 304 μὴ
1314 238 1483 311 τέκῃς,·

346 327 558 391 φιλοῦσι
584 323 683 392 γάρ
710 322 761 388 μ’
781 321 1039 387 ’Έλληνες
1058 321 1306 390 ’Ἕκτορός
1336 322 1378 373 τ’
1411 322 1534 382 ἄπο,·

344 406 466 472 αὐτή
495 407 539 458 τ’
569 408 762 475 ἀμαυρὰ
793 406 880 458 κού
907 406 1145 473 τύραννος
1174 405 1206 471 ἦ
1237 410 1475 473 Φρυγῶν;

344 492 432 542 οὐκ
465 488 526 554 ἐξ
549 492 682 557 ἐμῶν
712 512 775 543 σε
804 490 1080 557 φαρμάκων
1112 495 1294 557 στυγεῖ
1319 491 1485 549 πόσις,

344 573 461 627 ἀλλ’
492 575 536 627 εἰ
565 573 781 640 ξυνεῖναι
809 574 877 640 μὴ
909 574 1154 640 ’πιτηδεία
1187 579 1360 641 κυρεῖς.

343 660 559 727 φίλτρον
587 661 642 711 δὲ
675 659 754 710 καὶ
785 657 906 710 τόδ’·
953 658 1010 710 οὗ
1037 658 1096 710 τὸ
1127 657 1330 717 κάλλος,
1365 656 1402 710 ὦ
1434 658 1596 726 γύναι,

341 741 459 795 ἀλλ’
489 742 660 808 ἀρεταὶ
687 741 929 809 τέρπουσι
958 743 1074 797 τοὺς
1106 742 1414 808 ξυνευνέτας.

341 826 406 878 σὺ
435 825 477 878 δ’
507 825 570 891 ἤν
599 847 647 878 τι
677 826 897 897 κνισθῇς,
930 827 960 892 ἡ
990 826 1216 879 Λάκαινα
1245 830 1338 893 μὲν
1367 827 1514 880 πόλις

339 902 450 977 μέγ’
484 911 610 969 ἐστί,
643 909 734 974 τὴν
764 913 818 963 δὲ
849 915 1040 978 Σκῦρον
1070 911 1286 976 οὐδαμοῦ
1315 912 1472 975 τίθης·

339 998 572 1047 πλουτεῖς
603 993 645 1045 δ’
676 995 732 1046 ἐν
762 995 819 1046 οὐ
849 999 1141 1046 πλουτοῦσι·
1191 994 1462 1048 Μενέλεως
1491 993 1548 1046 δέ
1579 1015 1662 1047 σοι

337 1077 518 1142 μείζων
547 1076 844 1146 Ἀχιλλέως.
933 1078 1086 1129 ταῦτά
1115 1080 1197 1131 τοί
1223 1078 1272 1130 σ’
1304 1079 1443 1146 ἔχθει
1474 1079 1639 1131 πόσις.

337 1159 433 1228 χρὴ
463 1163 558 1228 γὰρ
589 1166 813 1228 γυναῖκα,
850 1160 941 1213 κᾶν
972 1168 1102 1232 κακῷ
1134 1163 1284 1214 πόσει
1314 1163 1450 1234 δοθῇ,

339 1242 586 1312 στέργειν,
619 1243 839 1310 ἄμιλλάν
867 1245 912 1296 τ’
944 1246 1030 1297 οὐκ
1060 1245 1198 1314 ἔχειν
1227 1244 1567 1314 φρονήματος.

339 1329 384 1380 εἶ
413 1327 456 1380 δ’
486 1328 617 1396 ἀμφὶ
650 1330 856 1401 Θρῄκην
885 1330 1018 1398 χιόνι
1047 1329 1137 1394 τὴν
1170 1328 1472 1398 κατάρρυτον

338 1412 580 1480 τύραννον
610 1412 762 1480 ἔσχες
792 1412 944 1480 ἄνδρ’,
977 1413 1040 1465 ἵν’
1074 1415 1127 1466 ἐν
1156 1413 1294 1481 μέρει
1322 1413 1477 1483 λέχος

338 1498 517 1549 δίδωσι
545 1501 762 1550 πολλαῖς
792 1498 863 1551 εἷς
893 1497 1018 1565 ἀνὴρ
1051 1499 1382 1564 κοινούμενος,

337 1580 557 1634 ἔκτεινας
588 1580 650 1633 ἂν
680 1581 847 1641 ‘reio-5³5
895 1581 983 1634 εἶτ’
1016 1584 1300 1647 ἀπληστίαν
1328 1582 1512 1652 λέχους

337 1663 524 1719 πάσαις
554 1664 752 1733 γυναιξὶ
783 1666 1094 1733 προστιθεῖσ’
1125 1665 1187 1719 ἂν
1216 1666 1441 1734 ηὑρέθης.

336 1750 552 1819 αἰσχρόν
583 1772 658 1817 γε·
707 1752 865 1802 καίτοι
895 1751 1081 1819 χείρον’
1113 1750 1340 1818 ἀρσένων
1370 1753 1527 1804 νόσον

337 1834 519 1899 ταύτην
549 1840 811 1900 νοσοῦμεν,
846 1836 980 1887 ἀλλὰ
1010 1836 1331 1902 προύστημεν
1362 1841 1539 1889 καλῶς.

420 1915 460 1970 ὦ
490 1918 696 1987 φίλταθ’
718 1917 922 1985 ‘'Em-op,
957 1919 1074 1971 ἀλλ’
1106 1921 1204 1988 ἐγὼ
1234 1919 1325 1984 τὴν
1358 1920 1455 1984 σὴν
1485 1920 1633 1988 χάριν

338 2003 423 2055 σοὶ
453 2002 533 2054 καὶ
563 2001 802 2070 ξυνήρων,
837 2005 884 2055 εἴ
909 2005 961 2055 τί
989 2025 1051 2056 σε
1081 2003 1314 2071 σφάλλοι
1346 2004 1550 2071 Κύπρις,

338 2087 419 2139 καὶ
447 2086 641 2153 μαστὸν
671 2086 764 2153 ἤδη
795 2087 1040 2141 πολλάκις
1070 2089 1267 2140 νόθοισι
1299 2093 1408 2142 σοῖς

338 2169 576 2238 ἐπέσχον,
609 2172 691 2223 ἵνα
724 2192 810 2222 σοι
838 2175 993 2236 μηδὲν
1024 2174 1222 2237 ἐνδοίην
1250 2173 1444 2239 πικρόν.

335 2254 418 2307 καὶ
446 2259 599 2307 ταῦτα
629 2259 798 2322 δρῶσα
828 2256 889 2326 τῇ
920 2257 1074 2328 ἆρετῇ
1100 2257 1430 2324 προσηγόμην

330 2339 502 2391 πόσιν·
548 2338 613 2391 σὺ
643 2338 685 2391 δ’
717 2340 829 2391 οὐδὲ
858 2340 1014 2406 ῥανίδ’
1045 2341 1305 2407 ὑπαιθρίας
1336 2341 1521 2407 δρόσου

335 2428 405 2494 τῷ
436 2429 510 2494 σῷ
543 2424 800 2490 προσίζειν
831 2423 973 2490 ἀνδρὶ
1002 2424 1306 2490 ὃειμαίνουσ’
1338 2425 1438 2495 ἐᾷς.

334 2506 402 2574 μὴ
431 2507 523 2573 τὴν
552 2513 796 2560 τεκοῦσαν
825 2509 885 2580 τῇ
915 2510 1200 2578 φιλανδρίᾳ,
1233 2509 1393 2576 γύναι,

339 2589 470 2657 ζήτει
498 2596 784 2659 παρελθεῖν·
829 2597 930 2644 τῶν
964 2597 1125 2645 κακῶν
1154 2595 1250 2661 γὰρ
1278 2591 1504 2662 μητέρων

450 2941 530 2978 224
560 2928 658 2982 ἤδη]
681 2929 784 2980 αὐτὴ
806 2928 956 2968 Nauck
1122 2941 1204 2979 230
1232 2930 1331 2983 γὰρ]
1354 2929 1399 2970 δὲ
1422 2928 1613 2980 Elmsley

1813 507 1894 548 205

1815 927 1894 956 210

1812 1347 1889 1387 215

1809 1769 1889 1798 220

1806 2188 1885 2226 225

1805 2610 1884 2652 230

265 2722 346 2758 204
374 2707 424 2759 ἣν
444 2710 567 2750 codd.
764 2723 842 2761 217
875 2710 1127 2762 κοινούμενος
1147 2709 1239 2750 AV
1253 2710 1329 2755 ΡΣ
1352 2712 1474 2763 (κοιμ.
1499 2710 1572 2761 V2)
1590 2726 1600 2751 t
1640 2713 1884 2763 κοιμώμενος

213 2762 256 2804 Μ
272 2764 306 2803 L
321 2763 356 2803 B
372 2764 412 2803 O
633 2778 716 2805 220
755 2766 968 2818 ἀνθρώπων
989 2766 1023 2805 L
1038 2766 1072 2804 B
1089 2765 1143 2806 O.
1204 2765 1403 2805 Fortasse
1428 2765 1602 2819 αἷσχρόν
1619 2766 1681 2818 γ’·
1714 2767 1798 2807 ἐπεὶ
1821 2769 1884 2808 κεί

556 2832 632 2859 221
665 2824 918 2873 προσταῖμεν
936 2819 1187 2860 Hermann:
1219 2821 1399 2860 sortasse
1421 2823 1497 2860 ποῦ
1513 2820 1591 2860 ”σθ
1607 2820 1704 2870 ἡμῖν
1723 2824 1883 2867 καλῶς,·

971 2887 1052 2925 223
1083 2875 1266 2926 σφάλλω
1287 2875 1328 2914 Α
1349 2880 1391 2914 et
1411 2874 1607 2924 primitus
1627 2873 1690 2915 L.
1727 2873 1881 2928 σφάλοι
