2118 3366
780 160 1278 210 ΑΝΔΡΟΜΑΧΗ

195 298 442 336 ΤΡΟΦΟΣ

323 369 362 423 ὦ
394 374 635 439 φίλταται
663 376 908 439 γυναῖκες,
944 372 1009 426 ὦς
1041 373 1192 425 κακὸν
1223 378 1353 442 κακῷ

323 453 559 525 διάδοχον
590 458 643 508 ἐν
673 456 779 527 τῇδ’
810 454 969 524 ἡμέρᾳ
999 457 1316 522 πορσύνεται.

325 538 567 593 δέσποινα
596 541 692 607 γὰρ
725 539 830 591 κατ’
864 539 1016 598 οἶκον,
1049 539 1318 607 Ἑρμιόνην
1347 538 1501 608 λέγω,

324 624 508 691 πατρός
537 623 581 674 τ’
612 625 928 690 ἐρημωθεῖσα
954 626 1162 692 συννοίᾳ
1194 623 1237 675 θ’
1267 623 1385 689 ἅμα,
1787 634 1866 682 805

325 709 432 760 οῖον
463 706 697 774 δέδρακεν
727 707 874 775 ἔργον
904 705 1252 776 Ἀνδρομάχην
1285 713 1481 760 κτανεῖν

327 793 405 844 καὶ
435 795 588 844 παῖδα
615 792 964 858 βουλεύσασα,
999 795 1258 844 κατθανεῖν
1290 790 1443 851 θέλει,

326 877 478 935 πόσιν
509 874 774 942 τρέμουσα,
806 875 872 941 μὴ
907 877 1017 927 ἀντὶ
1047 881 1145 927 τῶν
1175 875 1486 942 δεδραμένων

326 961 381 1011 ἐκ
409 959 553 1011 τῶνδ’
584 961 768 1025 ἀτίμως
798 959 1036 1025 δωμάτων
1068 962 1349 1032 ἀποσταλῇ,

326 1039 357 1108 ἢ
390 1043 605 1115 κατθάνῃ
640 1044 902 1096 κτείνουσα
931 1044 1045 1097 τοὺς
1075 1043 1132 1095 οὐ
1159 1043 1256 1111 χρὴ
1291 1047 1502 1095 κτανεῖν.
1783 1049 1867 1088 810

323 1127 471 1193 μόλις
499 1126 554 1179 δέ
582 1146 660 1180 νιν
692 1127 944 1180 θέλουσαν
973 1129 1186 1194 ἀρτῆσαι
1216 1127 1362 1194 δέρην

328 1213 552 1278 εἴργουσι
581 1211 803 1278 φύλακες
832 1215 990 1278 δμῶες
1020 1212 1076 1263 ἔκ
1106 1233 1160 1263 τε
1191 1210 1354 1275 δεξιᾶς

327 1294 450 1362 ξίφη
483 1295 880 1363 καθαρπάζουσιν
911 1294 1260 1362 ἐξαιρούμενοι.

326 1379 452 1431 οὕτω
481 1384 725 1446 μεταλγεῖ
752 1381 830 1431 καὶ
861 1382 923 1430 τὰ
953 1380 1068 1446 πρὶν
1098 1378 1372 1446 δεδραμένα

326 1464 513 1530 ἔγνωκε
542 1460 757 1529 πράξασ’
789 1464 844 1514 οὗ
877 1468 1054 1517 καλῶς.
1145 1464 1244 1530 ἐγὼ
1273 1465 1363 1528 μὲν
1394 1463 1481 1515 οὖν
1785 1469 1871 1519 815.

326 1545 601 1599 δέσποιναν
631 1547 849 1615 εἴργουσ’
881 1548 1100 1615 ἀγχόνης
1132 1547 1315 1612 κάμνω,
1349 1548 1511 1614 φίλαι·

326 1631 463 1696 ὑμεῖς
493 1633 546 1682 δὲ
575 1635 739 1697 βᾶσαι
770 1635 925 1683 τῶνδε
955 1630 1194 1696 δωμάτων
1226 1632 1328 1683 ἔσω

326 1714 538 1767 θανάτου
560 1737 638 1767 νιν
671 1716 970 1767 ἐκλύσασθε·
1016 1721 1115 1767 τῶν
1145 1718 1241 1782 γὰρ
1270 1714 1465 1779 ἠθάδων

327 1800 495 1867 φίλων
525 1798 629 1851 νέοι
659 1800 901 1860 μολόντες
932 1798 1289 1866 εὐπιθέστεροι.

201 1887 292 1935 Χο.
327 1884 407 1935 καὶ
435 1883 535 1949 μὴν
567 1886 622 1935 ἐν
653 1885 803 1936 οἴκοις
836 1885 1140 1950 προσπόλων
1173 1883 1414 1947 ἀκούομεν
1786 1887 1868 1926 820

326 1967 459 2033 βοὴν
489 1967 573 2034 ἐφ’
605 1969 737 2019 οἶσιν
768 1967 918 2032 ἦλθες
949 1967 1275 2034 ἀγγέλλουσα
1306 1967 1385 2017 σύ.

327 2049 504 2116 δείξειν
537 2050 578 2103 δ’
609 2051 768 2103 ἔοικεν
797 2052 827 2116 ἡ
858 2050 1051 2102 τάλαιν’
1082 2052 1207 2102 ὅσον
1239 2050 1405 2102 στένει

327 2133 562 2201 πράξασα
592 2135 743 2187 δεινά·
791 2135 1028 2201 δωμάτων
1057 2137 1153 2202 γὰρ
1183 2137 1366 2204 ἐκπερᾷ

328 2220 587 2287 φεύγουσα
616 2224 788 2288 χεῖρας
819 2220 1127 2286 προσπόλων
1158 2220 1293 2288 πόθῳ
1318 2222 1500 2270 θανεῖν.

202 2362 291 2426 Ερ.
494 2360 550 2412 ἰώ
580 2360 669 2424 μοί
692 2381 793 2426 μοι·
1670 2352 1801 2425 [στρ.
1833 2379 1865 2409 α

495 2443 767 2512 σπάραγμα
799 2444 950 2509 κόμας
971 2441 1175 2511 ὀνύχων
1205 2464 1261 2495 τε
1291 2443 1386 2494 δάι’
1418 2443 1472 2493 ἀ-
1787 2447 1865 2487 826

255 2560 447 2599 802-866
478 2560 624 2613 Τροφ.]
655 2577 715 2614 τρ.
747 2573 919 2610 semper
948 2559 996 2609 B,
1021 2564 1064 2598 et
1084 2572 1150 2598 vv.
1173 2559 1268 2608 828,
1291 2560 1388 2609 832,
1409 2558 1490 2606 836
1515 2556 1641 2596 etiam
1661 2556 1729 2596 A:
1759 2561 1866 2611 θερα.

201 2625 373 2665 semper
388 2613 429 2652 M
444 2613 483 2653 V
496 2614 543 2666 L,
564 2614 812 2665 plerumque
826 2614 878 2665 A,
898 2627 965 2655 vv.
982 2615 1077 2662 802,
1094 2614 1176 2652 866
1194 2614 1321 2652 etiarn
1343 2613 1399 2651 P:
1430 2628 1521 2665 χορ.
1546 2612 1798 2662 plerumque
1819 2611 1864 2650 P.

200 2667 266 2709 Cf.
288 2669 341 2708 ad
361 2682 404 2709 v.
423 2670 500 2717 851
687 2670 769 2709 802
798 2672 930 2710 κακῶν
949 2668 1011 2706 V:
1042 2672 1171 2710 κακῶς
1194 2669 1227 2707 L
1241 2667 1276 2706 P
1459 2667 1541 2706 810
1569 2666 1763 2708 κτείνασα
1784 2667 1817 2706 L
1830 2666 1865 2705 B

199 2726 306 2775 χρῆν
320 2722 513 2774 Elmsley
597 2727 729 2765 θανεῖν
742 2724 777 2762 L
789 2723 883 2762 PV²
896 2728 940 2762 et
957 2723 1000 2762 H
1018 2737 1026 2763 ε
1058 2735 1231 2762 versum
1253 2722 1332 2762 del.
1358 2721 1493 2760 Cobet
1630 2721 1710 2759 812
1740 2724 1866 2771 δμῶες

202 2776 380 2826 φύλακες
401 2778 436 2816 L
620 2779 700 2828 814
729 2778 823 2831 μέγ’
844 2779 970 2830 ἀλγεῖ
985 2778 1106 2816 codd.
1132 2792 1141 2817 :
1171 2790 1278 2817 corr.
1302 2776 1449 2815 Nauck
1637 2776 1718 2826 817
1752 2776 1865 2826 ἡμεῖς

202 2830 237 2869 L
251 2831 286 2870 P
396 2833 477 2882 819
507 2833 801 2887 εὖπειθέστεροι
821 2833 943 2871 codd.
967 2830 1274 2885 (εὐτυχέστεροι
1297 2831 1332 2869 Β
1348 2831 1407 2882 O)
1519 2831 1596 2869 821
1629 2828 1866 2883 ἀγγέλουσα

202 2884 244 2923 Μ
260 2885 347 2924 VB
368 2892 411 2925 et
432 2887 627 2936 primitus
649 2888 683 2926 L
813 2888 893 2925 822
922 2885 1053 2928 σθένει
1074 2886 1112 2924 V
1130 2886 1163 2924 L
1181 2886 1239 2925 P:
1272 2898 1379 2925 corr.
1400 2884 1454 2924 V²
1591 2884 1671 2934 824
1702 2887 1865 2926 κτανεῖν

189 2939 241 2978 A
405 2941 488 2979 826
516 2941 642 2992 κόμης
663 2942 697 2981 L
714 2942 748 2980 P
