2118 3366
883 122 1324 172 ΕΥΡΙΠΙΔΟΥ

268 252 356 302 Αν.
390 252 536 315 οἴμοι,
569 252 750 318 πικρὰν
781 249 1034 318 κλήρωσιν
1063 254 1259 320 αἵρεσίν
1288 253 1344 306 τέ
1371 275 1457 319 μοι

389 335 507 398 βίου
538 334 790 400 καθίστης·
838 335 917 386 καὶ
946 335 1179 404 λαχοῦσά
1207 337 1254 404 γ’
1287 338 1441 389 ἀθλία
1852 341 1933 397 ’385

391 418 471 469 καὶ
501 417 567 483 μὴ
597 423 831 486 λαχοῦσα
859 419 1108 487 δυστυχὴς
1139 422 1455 487 καθίσταμαι.

474 499 512 553 ὦ
541 500 739 568 μεγάλα
767 501 1012 569 πράσσων
1043 506 1202 557 αἰτίας
1231 509 1407 573 μικρᾶς
1436 503 1565 571 πέρι,

387 588 547 637 πιθοῦ·
592 587 647 637 τί
672 587 855 639 καίνεις
884 586 958 651 μ’,·
1007 589 1116 639 ἀντὶ
1144 593 1253 648 τοῦ;
1300 590 1449 640 ποίαν
1480 589 1630 641 πόλιν

386 669 670 734 προύδωκα;
717 671 827 721 τίνα
856 675 962 721 σῶν
993 670 1200 723 ἔκτανον
1231 674 1421 724 παίδων
1452 673 1576 740 ἐγώς

385 757 530 804 ποῖον
560 752 601 803 δ’
634 753 829 819 ἔπρησα
859 753 1004 818 δῶμ’,·
1055 753 1322 820 ἐκοιμήθην
1351 757 1445 824 βίᾳ
1850 773 1931 815 390

386 835 478 887 σὺν
509 837 823 887 δεσπόταισι·
872 836 975 905 κᾷτ’
1007 838 1099 902 ἔμ’,
1134 840 1190 890 οὗ
1224 844 1387 891 κεῖνον
1418 843 1618 898 κτενεῖς,

385 919 473 970 τὸν
504 922 662 971 αἴτιον
691 920 852 979 τῶνδ’,
888 923 1022 972 ἀλλὰ
1053 921 1144 986 τὴν
1175 923 1337 991 ἀρχὴν
1367 924 1515 990 ἀφεὶς

383 1002 506 1070 πρὸς
536 1003 627 1067 τὴν
657 1004 894 1068 τελευτὴν
923 1004 1140 1073 ὑστέραν
1174 1006 1331 1058 οῦσαν
1363 1006 1517 1078 φέρῃ;

383 1089 515 1152 οἴμοι
546 1092 705 1139 κακῶν
736 1088 894 1147 τῶνδ’,
929 1087 966 1140 ὦ
998 1088 1192 1141 τάλαιν’
1225 1090 1316 1156 ε’μὴ
1347 1093 1539 1156 πατρίς,

383 1171 448 1223 ὡς
479 1174 614 1223 δεινὰ
643 1171 843 1239 πάσχω.
933 1174 984 1224 τί
1012 1172 1067 1225 δέ
1094 1196 1157 1239 με
1189 1176 1268 1226 καὶ
1298 1180 1461 1226 τεκεῖν
1492 1177 1646 1242 ἐχρῆν
1850 1192 1928 1233 395

381 1254 537 1322 ἄχθος
567 1255 610 1306 τ’
644 1255 720 1308 ἐπ’
750 1255 897 1324 ἄχθει
926 1260 1051 1327 τῷδε
1081 1257 1395 1324 προσθέσθαι
1425 1262 1658 1320 διπλοῦν,·

381 1334 521 1405 [ἀτὰρ
552 1339 603 1390 τί
628 1344 780 1391 ταῦτα
810 1340 1031 1407 δύρομαι,
1065 1343 1127 1392 τὰ
1156 1342 1198 1393 δ’
1230 1344 1284 1394 ἐν
1314 1344 1469 1395 ποσὶν

381 1424 469 1474 οὐκ
500 1422 740 1488 ἐξικμάζω
774 1426 853 1476 καὶ
884 1426 1149 1492 λογίζομαι
1180 1425 1349 1494 κακά;]

381 1506 487 1570 ἥτις
519 1510 725 1574 σφαγὰς
753 1511 846 1573 μὲν
868 1507 1114 1576 ’Έκτορος
1145 1509 1487 1578 τροχηλάτους

381 1595 606 1642 κατεῖδον
638 1594 842 1659 οἰκτρῶς
872 1593 913 1644 τ’
938 1591 1099 1645 Ἴλιον
1129 1596 1453 1661 πυρούμενον,
1845 1612 1927 1650 400

380 1674 500 1739 αὐτὴ
534 1678 586 1727 δὲ
616 1676 767 1740 δούλη
800 1681 918 1729 ναῦς
948 1677 1025 1729 ἐπ’
1057 1678 1298 1745 Ἀργείων
1329 1679 1456 1744 ἔβην

379 1760 531 1824 κόμης
563 1761 937 1812 ἐπισπασθεῖσ’·
986 1763 1094 1814 ἐπεὶ
1125 1762 1167 1813 δ’
1200 1764 1453 1830 ἀφικόμην

379 1845 556 1902 Φθίαν,
593 1849 835 1910 φονεῦσιν
856 1843 1100 1912 ’Έκτορος
1131 1849 1457 1913 νυμφεύομαι.

382 1929 433 1978 τί
460 1927 563 1991 δῆτ’
595 1929 703 1993 ἐμοὶ
738 1930 830 1993 ζῆν
858 1930 972 1994 ἡδύ,·
1022 1930 1144 1997 πρὸς
1174 1932 1227 1982 τί
1252 1930 1347 1999 χρὴ
1379 1930 1619 1996 βλέπειν;

377 2010 498 2077 πρὸς
529 2013 617 2065 τὰς
646 2013 903 2079 παρούσας
932 2009 962 2077 ἢ
996 2015 1345 2081 παρελθούσας
1374 2016 1554 2082 τύχας;
1842 2032 1922 2071 405

378 2096 448 2149 εῖς
478 2100 593 2150 παῖς
623 2096 693 2147 ὅδ’
726 2097 785 2162 ἧν
814 2119 900 2162 μοι
929 2098 1107 2152 λοιπὸς
1139 2098 1403 2166 ὀφθαλμὸς
1432 2100 1567 2164 βίου·

377 2184 550 2231 τοῦτον
582 2185 770 2232 κτενεῖν
799 2181 1080 2246 μέλλουσιν
1110 2184 1184 2236 οῖς
1214 2187 1354 2235 δοκεῖ
1378 2182 1512 2235 τάδε.

377 2263 433 2314 οὐ
463 2267 586 2328 δῆτα
615 2266 796 2330 τούμοῦ
826 2266 873 2332 γ’
909 2266 1052 2318 εἵνεκ’
1086 2268 1263 2319 ἀθλίου
1291 2269 1427 2332 βίου·

379 2350 431 2399 ἐν
462 2352 585 2417 τῷδε
613 2352 704 2414 μὲν
734 2352 829 2416 γὰρ
862 2352 1021 2410 ἐλπίς,
1057 2352 1100 2402 εἶ
1131 2350 1432 2415 σωθήσεται,

376 2432 486 2497 ἐμοὶ
517 2432 558 2482 δ’
590 2435 778 2487 ὄνειδος
808 2434 874 2500 μὴ
909 2438 1076 2487 θανεῖν
1106 2437 1229 2502 ὑπὲρ
1261 2435 1451 2487 τέκνου.
1838 2453 1919 2491 410

303 2549 382 2597 384
420 2549 475 2600 γε’
500 2566 567 2600 μοι
599 2549 640 2588 Μ
809 2552 890 2600 385
930 2551 1014 2603 καὶ]
1051 2553 1086 2592 εἷ
1121 2551 1353 2590 Kirchhoff
1455 2550 1517 2603 γ’]
1553 2551 1592 2590 τ’
1625 2551 1848 2590 Hermann
1879 2557 1922 2590 et

249 2602 427 2642 fortasse
443 2609 473 2647 Σ
585 2604 661 2644 Vv.
683 2617 778 2654 397,
796 2607 878 2655 398
894 2612 936 2644 et
952 2619 1046 2657 404,
1068 2617 1148 2655 405
1171 2606 1355 2645 invicem
1376 2606 1640 2655 transposuit
1662 2606 1890 2654 Musgrave
1911 2621 1920 2646 :

249 2671 314 2697 vv.
340 2659 533 2707 406—410
558 2665 658 2698 ante
684 2673 765 2710 399
788 2660 936 2699 Hirzel
959 2675 968 2700 :
1007 2674 1072 2700 vv.
1098 2673 1289 2710 399-405
1319 2660 1494 2699 seclusit
1523 2660 1683 2711 Bruhn,
1716 2660 1922 2711 Hartung

248 2725 312 2751 VV·
346 2715 536 2763 397·398
768 2727 848 2764 397
891 2716 1008 2756 ταῦτ’
1044 2715 1231 2768 ὀδύρομαι
1266 2716 1390 2755 codd.
1430 2720 1471 2753 et
1505 2720 1568 2758 Σι
1611 2728 1716 2755 corr.
1754 2715 1920 2754 Porson

249 2767 330 2816 398
370 2767 563 2819 ἐξικμάζω
593 2769 715 2808 codd.
751 2775 794 2807 et
822 2775 877 2812 Σε
919 2769 1120 2822 ἐξιχμάζω
1152 2769 1445 2809 Rutherford:
1488 2769 1715 2820 ἐκλίκμαζω
1746 2769 1922 2820 Madvig

249 2834 332 2872 399
359 2822 623 2876 τροχηλάτου
641 2823 683 2861 Μ
699 2823 737 2861 O
753 2828 860 2872 (non
879 2823 931 2874 B)
1047 2837 1129 2874 402
1159 2824 1455 2866 ἀποσπασθεῖσ’
1472 2824 1505 2862 L
1520 2824 1553 2862 P
1665 2825 1748 2874 406
1775 2825 1920 2866 λοιπὸν

282 2917 327 2968 *n
492 2891 571 2928 407
616 2881 774 2919 κτενεῖν
809 2878 869 2918 P:
912 2882 1075 2920 κτανεῖν
1110 2879 1200 2918 rell.
1409 2879 1489 2928 408
1532 2879 1650 2922 εἵνεκ’
1684 2878 1745 2923 P:
1789 2879 1919 2923 οὕνεκ’

250 2943 295 2969 re
331 2960 341 2970 .
