2118 3366
235 1998 324 2046 Kv.

852 103 1292 154 ΕΥΡΙΠΙΔΟΥ

360 234 646 300 Γεραίστιοί
671 255 727 286 τε
757 235 1058 302 καταφυγαί·
1103 237 1166 287 τὰ
1192 234 1240 287 θ’
1269 233 1518 289 Ἑλλάδος

358 316 638 384 ΙΙ“δύσφρον’
669 318 832 383 ὀνείδη
866 317 1055 385 Φρυξὶν
1085 318 1172 370 οὐκ
1204 319 1506 385 ἐδώκαμεν··1·

357 400 427 452 ὧν
458 400 536 452 καὶ
567 401 631 453 σὺ
663 407 831 453 κοινοῖ·
879 405 970 468 γῆς
1000 403 1097 469 γὰρ
1125 401 1375 456 Ἑλλάδος
1403 401 1593 471 μυχοὺς

359 484 508 536 οἰκεῖς
537 483 618 536 ὑπ’
651 486 823 556 Αἴτνῃ,
857 486 916 556 τῇ
949 484 1260 555 πυριστάκτῳ
1292 485 1465 555 πέτρᾳ.

357 567 506 632 νόμος
537 570 590 619 δὲ
621 572 834 632 θνητοῖς,
869 570 911 620 εἰ
940 570 1122 636 λόγους
1153 568 1469 641 ἀποστρέφῃ,

360 649 521 704 ἱκέτας
551 650 794 720 δέχεσθαι
824 654 1052 705 ποντίους
1083 651 1424 720 ἐφθαρμένους

359 733 495 799 ξένιά
525 756 579 787 τε
608 738 774 787 δοῦναι
806 736 885 787 καὶ
916 735 1128 789 πέπλοις
1159 735 1446 803 ἐπαρκέσαι,

357 817 443 869 οὐκ
474 819 602 885 ἀμφὶ
631 820 931 886 βουπόροισι
962 819 1242 887 πηχθέντας
1271 819 1398 885 μέλη

357 903 590 967 ὀβελοῖσι
622 903 771 967 νηδὺν
804 904 884 954 καὶ
914 902 1102 970 γνάθον
1133 906 1325 968 πλῆσαι
1355 903 1520 956 σέθεν.

357 984 469 1039 ἅλις
500 989 553 1038 δὲ
583 985 813 1053 Πριάμου
842 987 948 1054 γαῖ’
984 986 1201 1056 ἐχήρωσ’
1231 986 1474 1046 Ἑλλάδα,

357 1074 563 1122 πολλῶν
593 1075 779 1138 νεκρῶν
810 1075 995 1123 πιοῦσα
1027 1074 1258 1138 δοριπετῆ
1291 1072 1467 1138 φόνον,

357 1155 573 1222 ἀλόχους
602 1154 645 1205 τ’
677 1154 946 1222 ἀνάνδρους
977 1159 1129 1223 γραῦς
1158 1155 1201 1205 τ’
1235 1154 1445 1209 ἄπαιδας
1476 1155 1670 1207 ὤλεσεν

357 1239 563 1291 πολιούς
593 1261 648 1291 τε
678 1238 910 1306 πατέρας.
1001 1242 1043 1291 εἷ
1074 1242 1128 1292 δὲ
1157 1238 1270 1292 τοὺς
1299 1237 1658 1304 λελειμμένους

358 1321 421 1374 σὺ
453 1322 786 1389 συμπυρῶσας
818 1323 942 1375 δαῖτ’
974 1324 1255 1377 ἀναλώσεις
1286 1321 1482 1390 πικράν,

357 1410 446 1458 ποῖ
470 1405 713 1474 τρέψεταί
737 1428 834 1466 τις;
883 1407 999 1458 ἀλλ’
1033 1408 1141 1473 ἐμοὶ
1171 1410 1330 1466 πιθοῦ,
1366 1406 1610 1474 Κύκλωψ·

358 1489 509 1558 πάρες
538 1490 595 1542 τὸ
623 1489 815 1557 μάργον
847 1494 941 1557 σῆς
971 1490 1174 1559 γνάθου,
1207 1490 1263 1542 τὸ
1294 1490 1336 1541 δ’
1369 1491 1580 1556 εὐσεβὲς

357 1577 443 1639 τῆς
474 1576 776 1640 δυσσεβείας
809 1576 1037 1627 ἆνθελοῦ·
1084 1580 1323 1627 πολλοῖσι
1353 1576 1448 1642 γὰρ

359 1657 501 1725 κέρδη
534 1660 725 1725 πονηρὰ
759 1660 933 1725 ζημίαν
963 1660 1230 1727 ἠμείψατο.

296 1781 306 1793 .
357 1742 653 1809 παραινέσαι
685 1765 766 1795 σοι
796 1744 1066 1809 βούλομαι·
1111 1749 1209 1796 τῶν
1239 1745 1334 1811 γὰρ
1366 1748 1521 1810 κρεῶν

355 1829 507 1891 μηδὲν
536 1828 688 1899 λίπῃς
718 1827 865 1887 τοῦδ’,
899 1827 960 1892 ἤν
991 1850 1045 1879 τε
1075 1827 1165 1891 τὴν
1195 1833 1442 1894 γλῶσσαν
1473 1825 1639 1900 δάκῃς,

360 1910 555 1978 κομψὸς
583 1910 775 1983 γενήσῃ
808 1912 886 1963 καὶ
917 1913 1241 1971 λαλίστατος,
1276 1911 1518 1978 Κύκλωψ.

357 1996 382 2045 ὁ
414 2000 643 2055 πλοῦτος,
676 1997 1009 2062 ἀνθρωπίσκε,
1044 2001 1147 2049 τοῖς
1179 2000 1361 2063 σοφοῖς
1393 1996 1521 2054 θεός,

357 2081 418 2130 τὰ
449 2079 491 2130 δ’
521 2078 656 2131 ἄλλα
687 2080 867 2145 κόμποι
900 2082 977 2132 καὶ
1007 2081 1176 2147 λόγων
1207 2080 1485 2146 εὐμορφίαι.

291 2183 294 2187 ’
359 2163 510 2230 ἄκρας
541 2163 582 2214 δ’
617 2165 815 2219 ἐναλίας
848 2165 905 2218 ἃς
939 2165 1218 2231 καθίδρυται
1248 2162 1409 2230 πατὴρ

288 2628 368 2667 295
407 2619 461 2659 τὰ
494 2621 528 2659 δ’
562 2620 790 2660 Kirchhoff

357 2249 551 2316 χαίρειν
583 2248 783 2301 κελεύω·
829 2250 882 2301 τί
907 2248 1025 2300 τάδε
1054 2246 1357 2316 προύστήσω
1387 2248 1548 2317 λόγῳ;

361 2331 520 2396 Ζηνὸς
552 2332 592 2384 δ’
625 2333 721 2399 ἐγὼ
754 2333 986 2400 κεραυνὸν
1019 2332 1073 2384 οὗ
1107 2334 1329 2400 φρίσσω,
1363 2330 1490 2396 ξένε,

569 2416 581 2435 9
619 2418 641 2435 n

359 2415 458 2467 οὐδ’
491 2437 536 2468 οι
613 2439 639 2467 ο
669 2439 717 2468 τι
747 2418 874 2471 Ζεύς
906 2417 1010 2469 ἐστ’
1043 2419 1163 2483 ἐμοῦ
1193 2418 1441 2483 κρείσσων
1473 2415 1600 2468 θεός.

360 2500 417 2551 οὔ
446 2522 530 2565 μοι
559 2500 702 2566 μέλει
730 2501 786 2552 τὸ
816 2503 1013 2554 λοιπόν·
1059 2502 1126 2555 ὡς
1156 2501 1199 2552 δ’
1232 2501 1288 2552 οὔ
1317 2522 1402 2566 μοι
1429 2498 1587 2565 μέλει,

1823 252 1902 293 295

1767 706 1771 710 x
1824 669 1902 709 300

1819 1088 1900 1129 305

1825 1465 1902 1546 316

1821 1925 1897 1968 315

1822 2346 1900 2387 320

915 2621 1020 2660 Post
1054 2630 1135 2670 295
1169 2619 1361 2658 lacunam
1387 2616 1551 2655 ‘indicat
1586 2607 1810 2663 Hau-<tunm
1855 2617 1898 2652 et

233 2670 401 2711 videtur
427 2685 531 2713 sane
560 2676 719 2726 aliquid
750 2677 804 2715 de
832 2676 1005 2715 fulmine
1039 2675 1150 2714 Iovis
1181 2673 1338 2713 dictum
1367 2671 1529 2711 fuisse:
1559 2669 1608 2730 cf.
1634 2682 1672 2708 v.
1697 2680 1778 2717 320
1802 2681 1897 2717 seq.

234 2727 316 2776 296
358 2727 570 2783 δύσφρον’]
612 2731 816 2784 δύσφρονά
853 2732 894 2783 γ’
925 2732 943 2770 l
958 2746 967 2770 :
1009 2728 1190 2783 δύσφορά
1225 2728 1268 2781 γ’
1309 2738 1455 2777 apogr.
1498 2725 1660 2763 Parls.:
1711 2723 1898 2762 nondum

233 2783 485 2823 emendatus
706 2799 785 2836 297
826 2789 955 2827 κοινοῖ
982 2784 1173 2824 Seidler:
1216 2785 1348 2824 κοινοῦ
1379 2781 1413 2819 L
1634 2778 1715 2827 298
1750 2780 1900 2826 Αἴτνηὲ

236 2834 459 2876 Hermann
659 2852 740 2891 299
770 2840 888 2891 νόμος
910 2839 1136 2888 Musgrave
1156 2850 1165 2877 ε
1196 2837 1329 2888 νόμοις
1351 2835 1386 2874 L
1499 2835 1536 2875 εἴ
1555 2833 1718 2872 Reiske
1737 2845 1747 2870 τ
1786 2833 1843 2873 εἷς
1866 2831 1900 2869 L

233 2901 313 2940 305
342 2895 531 2945 δοριπετῆ
551 2894 728 2933 Nauck:
760 2897 958 2948 δορυπετῆ
977 2893 1012 2932 L
1124 2905 1205 2942 314
1234 2893 1286 2940 ἢν
1301 2889 1346 2932 δὲ
1364 2889 1549 2939 Lenting
1657 2898 1739 2939 315
1769 2893 1898 2938 λαληὲ

238 2947 347 2987 τικὺς
370 2946 520 2994 Nauck
705 2961 784 3000 321
818 2949 840 2990 ὅ
859 2947 922 3000 τι]
945 2949 1025 3001 ὅτῳ
1044 2947 1271 2987 Wecklein
1332 2957 1335 2959 ·
1887 2959 1889 2961 ’
