2118 3366
926 141 1188 189 EKABH

354 266 484 342 ἄγου
503 274 572 339 μ’,
605 273 871 329 Ὀδυσσεῦ,
906 272 985 323 καὶ
1016 269 1282 337 διέργασαί
1305 268 1357 334 μ’
1388 267 1539 335 ἄγων·

355 359 456 409 οὔτ’
490 358 690 409 ἐλπίδος
718 357 814 423 γὰρ
843 355 956 406 οὔτε
984 375 1071 405 του
1101 352 1246 417 δόξης
1277 353 1371 418 ὁρῶ
1816 364 1896 406 370

355 440 540 508 θάρσος
571 439 685 506 παρ’
712 440 829 504 ἡμῖν
859 438 924 491 ὥς
954 437 1065 490 ποτ’
1096 438 1149 489 εἷ’)
1180 433 1367 504 πρᾶξαί
1391 457 1454 500 με
1482 433 1595 502 χρή.

353 528 522 592 μῆτερ,
556 524 620 575 σὺ
651 523 694 574 δ’
723 524 841 588 ἡμῖν
869 524 1022 588 μηδὲν
1055 521 1282 586 ἐμποδὼν
1312 518 1450 590 γένῃ,

353 609 576 676 λέγουσα
605 609 727 673 μηδὲ
758 610 942 673 δρῶσα·
991 605 1285 670 συμβούλου
1316 603 1369 655 δέ
1398 624 1482 668 μοι

357 697 523 744 θανεῖν
553 692 670 759 πρὶν
698 692 925 758 αἰσχρῶν
954 689 1021 756 μὴ
1053 688 1159 740 κατ’
1191 687 1335 753 ἀξίαν
1364 691 1548 756 τυχεῖν.

356 778 497 838 ὅστις
523 778 620 843 γὰρ
651 775 737 826 οὐκ
768 777 911 827 εἴωθε
939 775 1178 841 γεύεσθαι
1209 778 1385 830 κακῶν,
1818 782 1867 825 37
1876 784 1896 823 5

358 860 502 929 φέρει
529 859 638 925 μέν,
671 861 822 927 ἀλγεῖ
848 858 888 911 δ’
919 856 1089 926 αὐχέν’
1123 857 1331 909 ἐντιθεὶς
1362 857 1503 924 ζυγῷ·

358 945 520 997 θανὼν
550 944 592 995 δ’
623 943 685 995 ἂν
715 945 788 1008 ε’ίη
819 947 1017 1009 μᾶλλον
1047 940 1401 1010 εὐτυχέστερος

358 1025 389 1094 ἢ
421 1029 529 1092 ζῶν·
576 1029 635 1080 τὸ
662 1030 757 1096 γὰρ
790 1028 882 1092 ζῆν
909 1026 978 1092 μὴ
1010 1031 1172 1079 καλῶς
1200 1024 1356 1092 μέγας
1385 1024 1553 1077 πόνος.

233 1117 325 1166 Χο.
357 1113 517 1167 δεινὸς
543 1111 799 1181 χαρακτὴρ
831 1111 1113 1176 κᾶπίσημος
1143 1111 1199 1161 ἐν
1227 1113 1431 1175 βροτοῖς

359 1199 557 1248 ἐσθλῶν
587 1195 839 1264 γενέσθαι,
874 1196 994 1247 κάπὶ
1021 1195 1191 1260 μεῖζον
1221 1193 1420 1260 ἔρχεται
1823 1195 1901 1242 380

359 1285 446 1345 τῆς
475 1281 724 1348 εὐγενείας
754 1282 912 1344 ὄνομα
939 1283 1105 1330 τοῖσιν
1134 1276 1304 1341 ἀξίοις.

237 1371 327 1417 Εκ.
361 1370 523 1418 καλῶς
552 1368 643 1430 μὲν
673 1365 831 1421 εἶπας,
864 1364 1092 1430 θύγατερ,
1127 1363 1260 1412 ἀλλὰ
1290 1365 1356 1430 τῷ
1389 1364 1522 1429 καλῷ

362 1450 494 1513 λύπη
525 1448 816 1515 πρόσεστιν.
908 1449 949 1499 εἰ
980 1450 1034 1498 δὲ
1065 1449 1144 1498 δεῖ
1168 1451 1236 1515 τῷ
1268 1443 1482 1508 Πηλέως

360 1531 509 1601 χάριν
537 1531 774 1600 γενέσθαι
805 1531 942 1583 παιδὶ
974 1530 1054 1582 καὶ
1083 1531 1250 1597 ψόγον
1282 1533 1461 1596 φυγεῖν

361 1619 501 1683 ὑμᾶς,
533 1616 803 1673 Ὀδυσσεῦ,
835 1614 982 1679 τήνδε
1011 1617 1102 1679 μὲν
1130 1613 1197 1679 μὴ
1231 1614 1461 1670 κτείνετε,
1828 1615 1903 1666 385

362 1702 488 1767 ἡμᾶς
518 1700 560 1752 δ’
594 1700 800 1767 ἄγοντες
831 1698 953 1766 πρὸς
982 1701 1142 1765 πυρὰν
1172 1696 1452 1766 Ἀχιλλέως

366 1789 594 1842 κεντεῖτε,
627 1784 693 1850 μὴ
726 1782 971 1851 φείδεσθ’·
1018 1784 1116 1849 ἐγὼ
1139 1781 1307 1833 ”τεκον
1337 1778 1517 1847 Πάριν,

363 1868 417 1923 ὃς
447 1873 598 1921 παῖδα
632 1867 844 1921 Θέτιδος
873 1868 1066 1919 ὤλεσεν
1096 1865 1260 1930 τόξοις
1291 1865 1482 1931 βαλών.

239 1958 329 2006 Οδ.
363 1953 420 2004 οὐ
450 1952 516 2012 σ’,
550 1951 587 2004 ὦ
618 1949 807 2020 γεραιά,
843 1956 1103 2003 κατθανεῖν
1132 1948 1415 2018 Ἀχιλλέως

365 2034 618 2105 φάντασμ’
650 2036 901 2105 Ἀχαιούς,
935 2036 1070 2087 ἀλλὰ
1098 2033 1252 2100 τήνδ’,
1280 2032 1515 2106 ᾐτήσατο.
1828 2048 1907 2086 390

242 2128 331 2175 Εκ.
363 2125 501 2188 ὑμεῖς
532 2121 585 2174 δέ
613 2121 663 2187 μ’
695 2123 829 2173 ἀλλὰ
859 2119 1063 2188 θυγατρὶ
1095 2118 1496 2186 συμφονεύσατε,

368 2207 446 2259 καὶ
476 2207 550 2260 δὶς
579 2207 733 2258 τόσον
763 2205 890 2271 πῶμ’
923 2206 1130 2269 αἵματος
1159 2201 1428 2271 γενήσεται

364 2293 484 2360 γαίᾳ
512 2296 666 2360 νεκρῷ
698 2313 754 2343 τε
782 2295 850 2360 τῷ
881 2286 987 2341 τάδ’
1021 2286 1366 2357 ἐξαιτουμένῳ.

241 2379 332 2429 Οδ.
365 2375 477 2428 ἅλις
510 2377 657 2442 κόρης
686 2378 781 2439 σῆς
811 2371 1041 2432 θάνατος,
1074 2372 1130 2423 οὐ
1162 2370 1495 2439 προσοιστέος

367 2459 524 2514 ἄλλος
553 2458 677 2526 πρὸς
706 2458 866 2528 ἄλλῳ·
911 2460 1035 2523 μηδὲ
1065 2456 1198 2509 τόνδ’
1230 2455 1529 2523 ὠφείλομεν.
1832 2467 1907 2510 395

296 2579 378 2628 369
412 2578 511 2630 ἄγου
530 2577 571 2628 μ’
592 2576 661 2616 vel
683 2576 784 2629 ἀγοῦ
803 2575 844 2626 μ’
869 2574 910 2612 Μ
926 2573 1014 2613 AV
1031 2574 1064 2612 L
1080 2573 1118 2611 O
1134 2573 1166 2611 F
1188 2578 1230 2611 et
1251 2571 1326 2622 sic,
1353 2577 1399 2610 ut
1424 2571 1528 2617 vid„
1548 2568 1655 2619 legit
1677 2568 1910 2608 Cleanthes

242 2645 311 2682 ap.
344 2633 524 2682 Epictet.
562 2631 733 2670 Enchir.
771 2643 838 2680 77,
867 2643 931 2668 vv,
963 2630 1045 2679 346
1057 2640 1119 2677 sq.
1157 2627 1371 2665 imitatus:
1407 2626 1472 2677 ἄγ’
1504 2623 1572 2665 οὖν
1602 2624 1644 2675 μ’
1675 2622 1801 2662 PF22
1844 2623 1909 2675 ἄγ’

243 2686 312 2729 οὖν
332 2687 481 2726 Thom.
510 2686 620 2736 Mag.
646 2686 713 2725 81.
740 2698 788 2734 14
983 2695 1063 2732 372
1095 2683 1277 2733 ἐμποδὼν
1296 2679 1423 2732 μηδὲν
1446 2679 1479 2717 Ρ
1673 2689 1752 2727 375
1781 2676 1911 2718 πόνων

245 2741 363 2782 Stob.
396 2754 461 2790 30.
495 2755 520 2791 3
657 2742 737 2790 378
778 2738 847 2790 ζῆν
879 2741 922 2779 ἐν
951 2741 1088 2779 κακοῖς
1117 2735 1238 2777 πόνος
1268 2734 1396 2787 μέγας
1427 2732 1543 2772 Stob.
1579 2742 1645 2781 3ο.
1676 2744 1702 2781 3
1734 2732 1828 2783 (sed
1855 2732 1912 2782 μὴ

244 2800 378 2838 καλῶς
397 2813 439 2837 π.
452 2813 492 2848 μ..
517 2796 631 2835 idem
656 2809 746 2835 121.
767 2808 835 2841 20)
1015 2794 1096 2842 380
1126 2794 1266 2831 πλεῖον
1286 2790 1324 2828 V
1339 2789 1401 2829 O:
1435 2792 1634 2829 πλεῖστον
1654 2785 1774 2827 Stob.
1796 2787 1860 2827 88.
1886 2787 1912 2823 6

244 2851 321 2901 381
352 2854 530 2902 τοῦνομα
547 2849 588 2889 Α
603 2851 637 2889 Ρ
655 2864 664 2889 :
695 2853 844 2899 οὕνομα
865 2848 982 2887 Stob.
1112 2847 1191 2895 382
1222 2846 1251 2885 ὦ
1273 2844 1445 2897 θύγατερ
1466 2842 1551 2881 AV
1674 2842 1755 2891 384
1785 2841 1912 2895 tpdwv

247 2905 304 2953 M,
318 2923 349 2959 γ
364 2905 515 2945 inserit
532 2904 591 2943 M²
605 2907 769 2958 (φυγεῖν
783 2903 914 2956 ψόγον
928 2903 988 2954 V)
1101 2902 1178 2950 387
1202 2903 1384 2940 κτενεῖτε
1399 2898 1437 2936 V
1548 2909 1627 2947 392
1647 2895 1742 2947 πόμ’
1761 2896 1884 2935 codd.
1902 2909 1910 2935 :

246 2973 351 3000 corr.
376 2960 541 2999 Porson
721 2971 801 3008 393
831 2975 878 2998 τε
899 2970 980 2995 om.
1005 2956 1062 2994 P:
1096 2960 1196 2994 ante
1219 2958 1342 3007 νεκρῷ
1364 2952 1486 3003 ponit
1508 2951 1543 2990 L
1727 2963 1807 3002 394
1838 2954 1911 3000 σῆς

246 3014 289 3053 in
311 3013 366 3056 εἷς
387 3019 520 3052 mutat
543 3011 598 3051 M¹
617 3026 625 3051 :
658 3025 740 3053 om.
766 3013 798 3050 L
814 3011 847 3050 P
869 3010 945 3064 (εἷς
969 3009 1214 3055 Kirchhoff)
