<?xml version="1.0" encoding="UTF-8"?>
<!DOCTYPE html PUBLIC "-//W3C//DTD XHTML 1.0 Transitional//EN"
    "http://www.w3.org/TR/xhtml1/DTD/xhtml1-transitional.dtd">
<html xmlns="http://www.w3.org/1999/xhtml" xml:lang="en" lang="en">
 <head>
  <title>
</title>
<meta http-equiv="Content-Type" content="text/html;charset=utf-8" />
  <meta name='ocr-system' content='tesseract 3.04.00' />
  <meta name='ocr-capabilities' content='ocr_page ocr_carea ocr_par ocr_line ocrx_word'/>
</head>
<body>
  <div class='ocr_page' id='page_1' title='image "./euripidistragoed01euriuoft_0180.png"; bbox 0 0 2118 3366; ppageno 0'>
   <div class='ocr_carea' id='block_1_1' title="bbox 898 142 1348 192">
    <p class='ocr_par' dir='ltr' id='par_1_1' title="bbox 898 142 1348 192">
     <span class='ocr_line' id='line_1_1' title="bbox 898 142 1348 192; baseline 0 0"><span class='ocrx_word' id='word_1_1' title='bbox 898 142 1348 192; x_wconf 73' lang='grc' dir='ltr'>ἘΥΡΙΠΙΔΟΥ</span> 
     </span>
    </p>
   </div>
   <div class='ocr_carea' id='block_1_2' title="bbox 421 270 1574 345">
    <p class='ocr_par' dir='ltr' id='par_1_2' title="bbox 421 270 1574 345">
     <span class='ocr_line' id='line_1_2' title="bbox 421 270 1574 345; baseline 0.002 -21"><span class='ocrx_word' id='word_1_2' title='bbox 421 271 553 333; x_wconf 83' lang='grc' dir='ltr'>ἀλλ’,</span> <span class='ocrx_word' id='word_1_3' title='bbox 587 275 635 325; x_wconf 85' lang='grc' dir='ltr'>εἵ</span> <span class='ocrx_word' id='word_1_4' title='bbox 659 293 706 325; x_wconf 89' lang='grc' dir='ltr'>τι</span> <span class='ocrx_word' id='word_1_5' title='bbox 735 272 918 345; x_wconf 86' lang='grc' dir='ltr'>βούλῃ,</span> <span class='ocrx_word' id='word_1_6' title='bbox 951 273 1131 325; x_wconf 88' lang='grc' dir='ltr'>τούσδε</span> <span class='ocrx_word' id='word_1_7' title='bbox 1161 271 1249 324; x_wconf 89' lang='grc' dir='ltr'>τὸν</span> <span class='ocrx_word' id='word_1_8' title='bbox 1276 270 1491 340; x_wconf 87' lang='grc' dir='ltr'>γέροντά</span> <span class='ocrx_word' id='word_1_9' title='bbox 1517 293 1574 326; x_wconf 92' lang='grc' dir='ltr'>τε</span> 
     </span>
    </p>
   </div>
   <div class='ocr_carea' id='block_1_3' title="bbox 421 354 1664 424">
    <p class='ocr_par' dir='ltr' id='par_1_3' title="bbox 421 354 1664 424">
     <span class='ocr_line' id='line_1_3' title="bbox 421 354 1664 424; baseline 0.002 -17"><span class='ocrx_word' id='word_1_10' title='bbox 421 356 574 424; x_wconf 83' lang='grc' dir='ltr'>χώρει</span> <span class='ocrx_word' id='word_1_11' title='bbox 602 356 927 423; x_wconf 85' lang='grc' dir='ltr'>προσειποῦσ’</span> <span class='ocrx_word' id='word_1_12' title='bbox 956 355 1190 410; x_wconf 81' lang='grc' dir='ltr'>ὑστάτοις</span> <span class='ocrx_word' id='word_1_13' title='bbox 1220 354 1664 423; x_wconf 92' lang='grc' dir='ltr'>προσφθέγμασιν.</span> 
     </span>
    </p>
   </div>
   <div class='ocr_carea' id='block_1_4' title="bbox 297 437 455 491">
    <p class='ocr_par' dir='ltr' id='par_1_4' title="bbox 297 437 455 491">
     <span class='ocr_line' id='line_1_4' title="bbox 297 437 455 491; baseline 0 0"><span class='ocrx_word' id='word_1_14' title='bbox 297 441 402 491; x_wconf 90' lang='grc' dir='ltr'>Μα.</span> <span class='ocrx_word' id='word_1_15' title='bbox 428 437 455 460; x_wconf 50' lang='lat'>‘⁹³</span> 
     </span>
    </p>
   </div>
   <div class='ocr_carea' id='block_1_5' title="bbox 424 438 1540 508">
    <p class='ocr_par' dir='ltr' id='par_1_5' title="bbox 424 438 1540 508">
     <span class='ocr_line' id='line_1_5' title="bbox 424 438 1540 508; baseline 0 -17"><span class='ocrx_word' id='word_1_16' title='bbox 424 463 461 491; x_wconf 90' lang='grc' dir='ltr'>ω</span> <span class='ocrx_word' id='word_1_17' title='bbox 491 444 652 508; x_wconf 86' lang='grc' dir='ltr'>χαῖρε,</span> <span class='ocrx_word' id='word_1_18' title='bbox 686 439 901 506; x_wconf 84' lang='grc' dir='ltr'>πρέσβυ,</span> <span class='ocrx_word' id='word_1_19' title='bbox 934 444 1078 508; x_wconf 88' lang='grc' dir='ltr'>χαῖρε</span> <span class='ocrx_word' id='word_1_20' title='bbox 1109 439 1189 491; x_wconf 89' lang='grc' dir='ltr'>καὶ</span> <span class='ocrx_word' id='word_1_21' title='bbox 1220 438 1427 491; x_wconf 90' lang='grc' dir='ltr'>δίδασκέ</span> <span class='ocrx_word' id='word_1_22' title='bbox 1452 460 1540 504; x_wconf 93' lang='grc' dir='ltr'>μοι</span> 
     </span>
    </p>
   </div>
   <div class='ocr_carea' id='block_1_6' title="bbox 420 522 1628 590">
    <p class='ocr_par' dir='ltr' id='par_1_6' title="bbox 420 522 1628 590">
     <span class='ocr_line' id='line_1_6' title="bbox 420 522 1628 590; baseline 0 -15"><span class='ocrx_word' id='word_1_23' title='bbox 420 524 650 575; x_wconf 85' lang='grc' dir='ltr'>τοιούσδε</span> <span class='ocrx_word' id='word_1_24' title='bbox 679 523 860 575; x_wconf 85' lang='grc' dir='ltr'>τούσδε</span> <span class='ocrx_word' id='word_1_25' title='bbox 890 526 1083 582; x_wconf 86' lang='grc' dir='ltr'>παῖδας,</span> <span class='ocrx_word' id='word_1_26' title='bbox 1119 525 1169 576; x_wconf 83' lang='grc' dir='ltr'>ἐς</span> <span class='ocrx_word' id='word_1_27' title='bbox 1198 522 1256 574; x_wconf 87' lang='grc' dir='ltr'>τὸ</span> <span class='ocrx_word' id='word_1_28' title='bbox 1285 526 1386 574; x_wconf 81' lang='grc' dir='ltr'>πᾶν</span> <span class='ocrx_word' id='word_1_29' title='bbox 1417 523 1628 590; x_wconf 83' lang='grc' dir='ltr'>σοφούς,</span> 
     </span>
    </p>
   </div>
   <div class='ocr_carea' id='block_1_7' title="bbox 422 604 1623 841">
    <p class='ocr_par' dir='ltr' id='par_1_7' title="bbox 422 604 1623 841">
     <span class='ocr_line' id='line_1_7' title="bbox 422 604 1596 674; baseline 0.003 -17"><span class='ocrx_word' id='word_1_30' title='bbox 422 607 595 673; x_wconf 86' lang='grc' dir='ltr'>ὥσπερ</span> <span class='ocrx_word' id='word_1_31' title='bbox 627 607 706 666; x_wconf 82' lang='grc' dir='ltr'>σύ,</span> <span class='ocrx_word' id='word_1_32' title='bbox 739 609 893 672; x_wconf 82' lang='grc' dir='ltr'>μηδὲν</span> <span class='ocrx_word' id='word_1_33' title='bbox 922 610 1135 672; x_wconf 81' lang='grc' dir='ltr'>μᾶλλον·</span> <span class='ocrx_word' id='word_1_34' title='bbox 1183 604 1457 673; x_wconf 85' lang='grc' dir='ltr'>ἀρκέσουσι</span> <span class='ocrx_word' id='word_1_35' title='bbox 1485 605 1596 674; x_wconf 90' lang='grc' dir='ltr'>γάρ.</span> 
     </span>
     <span class='ocr_line' id='line_1_8' title="bbox 422 689 1567 757; baseline 0 -15"><span class='ocrx_word' id='word_1_36' title='bbox 422 695 573 756; x_wconf 84' lang='grc' dir='ltr'>πειρῶ</span> <span class='ocrx_word' id='word_1_37' title='bbox 605 692 659 742; x_wconf 78' lang='grc' dir='ltr'>δὲ</span> <span class='ocrx_word' id='word_1_38' title='bbox 691 695 856 741; x_wconf 90' lang='grc' dir='ltr'>σῶσαι</span> <span class='ocrx_word' id='word_1_39' title='bbox 885 689 951 755; x_wconf 85' lang='grc' dir='ltr'>μὴ</span> <span class='ocrx_word' id='word_1_40' title='bbox 985 693 1168 750; x_wconf 80' lang='grc' dir='ltr'>θανεῖν,</span> <span class='ocrx_word' id='word_1_41' title='bbox 1201 690 1452 757; x_wconf 91' lang='grc' dir='ltr'>πρόθυμος</span> <span class='ocrx_word' id='word_1_42' title='bbox 1483 690 1567 742; x_wconf 84' lang='grc' dir='ltr'>ὥν·</span> 
     </span>
     <span class='ocr_line' id='line_1_9' title="bbox 425 772 1623 841; baseline 0.003 -17"><span class='ocrx_word' id='word_1_43' title='bbox 425 774 506 825; x_wconf 89' lang='grc' dir='ltr'>σοὶ</span> <span class='ocrx_word' id='word_1_44' title='bbox 537 772 706 827; x_wconf 85' lang='grc' dir='ltr'>παῖδές</span> <span class='ocrx_word' id='word_1_45' title='bbox 738 775 908 838; x_wconf 81' lang='grc' dir='ltr'>ἐσμεν,</span> <span class='ocrx_word' id='word_1_46' title='bbox 943 779 1060 825; x_wconf 90' lang='grc' dir='ltr'>σαῖν</span> <span class='ocrx_word' id='word_1_47' title='bbox 1090 778 1260 841; x_wconf 86' lang='grc' dir='ltr'>χεροῖν</span> <span class='ocrx_word' id='word_1_48' title='bbox 1291 772 1623 840; x_wconf 86' lang='grc' dir='ltr'>τεθράμμεθα.</span> 
     </span>
    </p>
   </div>
   <div class='ocr_carea' id='block_1_8' title="bbox 371 855 1403 928">
    <p class='ocr_par' dir='ltr' id='par_1_8' title="bbox 371 855 1403 928">
     <span class='ocr_line' id='line_1_10' title="bbox 371 855 1403 928; baseline -0.001 -20"><span class='ocrx_word' id='word_1_49' title='bbox 371 888 374 891; x_wconf 22' lang='grc' dir='ltr'><strong>Δ</strong></span> <span class='ocrx_word' id='word_1_50' title='bbox 425 859 541 928; x_wconf 77' lang='grc' dir='ltr'>ὁρᾷς</span> <span class='ocrx_word' id='word_1_51' title='bbox 571 860 626 909; x_wconf 81' lang='grc' dir='ltr'>δὲ</span> <span class='ocrx_word' id='word_1_52' title='bbox 656 858 778 922; x_wconf 80' lang='grc' dir='ltr'>κάμὲ</span> <span class='ocrx_word' id='word_1_53' title='bbox 805 856 895 920; x_wconf 81' lang='grc' dir='ltr'>τὴν</span> <span class='ocrx_word' id='word_1_54' title='bbox 928 856 1050 922; x_wconf 81' lang='grc' dir='ltr'>ἐμὴν</span> <span class='ocrx_word' id='word_1_55' title='bbox 1081 857 1212 923; x_wconf 85' lang='grc' dir='ltr'>ὥραν</span> <span class='ocrx_word' id='word_1_56' title='bbox 1242 855 1403 924; x_wconf 86' lang='grc' dir='ltr'>γάμου</span> 
     </span>
    </p>
   </div>
   <div class='ocr_carea' id='block_1_9' title="bbox 422 939 1598 2099">
    <p class='ocr_par' dir='ltr' id='par_1_9' title="bbox 422 939 1440 1174">
     <span class='ocr_line' id='line_1_11' title="bbox 425 939 1433 1005; baseline 0 -13"><span class='ocrx_word' id='word_1_57' title='bbox 425 943 659 992; x_wconf 86' lang='grc' dir='ltr'>διδοῦσαν</span> <span class='ocrx_word' id='word_1_58' title='bbox 673 995 675 997; x_wconf 65' lang='grc'>,</span> <span class='ocrx_word' id='word_1_59' title='bbox 689 940 798 992; x_wconf 83' lang='grc' dir='ltr'>ἀντὶ</span> <span class='ocrx_word' id='word_1_60' title='bbox 827 944 984 992; x_wconf 89' lang='grc' dir='ltr'>τῶνδε</span> <span class='ocrx_word' id='word_1_61' title='bbox 1016 939 1433 1005; x_wconf 87' lang='grc' dir='ltr'>κατθανουμένην.</span> 
     </span>
     <span class='ocr_line' id='line_1_12' title="bbox 422 1023 1440 1090; baseline -0.001 -15"><span class='ocrx_word' id='word_1_62' title='bbox 422 1025 561 1089; x_wconf 91' lang='grc' dir='ltr'>ὑμεῖς</span> <span class='ocrx_word' id='word_1_63' title='bbox 591 1023 649 1082; x_wconf 89' lang='grc' dir='ltr'>τ’,</span> <span class='ocrx_word' id='word_1_64' title='bbox 684 1024 919 1090; x_wconf 81' lang='grc' dir='ltr'>ἀδελφῶν</span> <span class='ocrx_word' id='word_1_65' title='bbox 949 1024 978 1089; x_wconf 89' lang='grc' dir='ltr'>ἡ</span> <span class='ocrx_word' id='word_1_66' title='bbox 1011 1023 1221 1090; x_wconf 86' lang='grc' dir='ltr'>παροῦσ’</span> <span class='ocrx_word' id='word_1_67' title='bbox 1254 1025 1440 1088; x_wconf 88' lang='grc' dir='ltr'>ὁμιλία,</span> 
     </span>
     <span class='ocr_line' id='line_1_13' title="bbox 426 1106 1420 1174; baseline -0.001 -14"><span class='ocrx_word' id='word_1_68' title='bbox 426 1108 776 1173; x_wconf 84' lang='grc' dir='ltr'>εὐδαιμονοῖτε,</span> <span class='ocrx_word' id='word_1_69' title='bbox 812 1108 891 1159; x_wconf 89' lang='grc' dir='ltr'>καὶ</span> <span class='ocrx_word' id='word_1_70' title='bbox 922 1106 1107 1174; x_wconf 86' lang='grc' dir='ltr'>γένοιθ’</span> <span class='ocrx_word' id='word_1_71' title='bbox 1137 1109 1252 1173; x_wconf 92' lang='grc' dir='ltr'>ὑμῖν</span> <span class='ocrx_word' id='word_1_72' title='bbox 1283 1108 1420 1159; x_wconf 88' lang='grc' dir='ltr'>ὅσων</span> 
     </span>
    </p>

    <p class='ocr_par' dir='ltr' id='par_1_10' title="bbox 424 1189 1337 1259">
     <span class='ocr_line' id='line_1_14' title="bbox 424 1189 1337 1259; baseline 0 -16"><span class='ocrx_word' id='word_1_73' title='bbox 424 1191 522 1257; x_wconf 82' lang='grc' dir='ltr'>ἡμὴ</span> <span class='ocrx_word' id='word_1_74' title='bbox 555 1189 762 1259; x_wconf 70' lang='grc' dir='ltr'>πάρο,θε</span> <span class='ocrx_word' id='word_1_75' title='bbox 793 1193 966 1257; x_wconf 89' lang='grc' dir='ltr'>καρδία</span> <span class='ocrx_word' id='word_1_76' title='bbox 997 1189 1337 1259; x_wconf 85' lang='grc' dir='ltr'>σφαγήσεται.</span> 
     </span>
    </p>

    <p class='ocr_par' dir='ltr' id='par_1_11' title="bbox 426 1273 1598 1932">
     <span class='ocr_line' id='line_1_15' title="bbox 428 1273 1598 1343; baseline -0.001 -16"><span class='ocrx_word' id='word_1_77' title='bbox 428 1276 507 1327; x_wconf 85' lang='grc' dir='ltr'>καὶ</span> <span class='ocrx_word' id='word_1_78' title='bbox 536 1274 623 1327; x_wconf 85' lang='grc' dir='ltr'>τὸν</span> <span class='ocrx_word' id='word_1_79' title='bbox 652 1274 864 1343; x_wconf 85' lang='grc' dir='ltr'>γέροντα</span> <span class='ocrx_word' id='word_1_80' title='bbox 894 1273 986 1339; x_wconf 89' lang='grc' dir='ltr'>τήν</span> <span class='ocrx_word' id='word_1_81' title='bbox 1016 1274 1059 1326; x_wconf 84' lang='grc' dir='ltr'>τ’</span> <span class='ocrx_word' id='word_1_82' title='bbox 1092 1274 1192 1326; x_wconf 85' lang='grc' dir='ltr'>ἔσω</span> <span class='ocrx_word' id='word_1_83' title='bbox 1224 1280 1403 1342; x_wconf 89' lang='grc' dir='ltr'>γραῖαν</span> <span class='ocrx_word' id='word_1_84' title='bbox 1433 1274 1598 1340; x_wconf 89' lang='grc' dir='ltr'>δόμων</span> 
     </span>
     <span class='ocr_line' id='line_1_16' title="bbox 426 1357 1478 1426; baseline -0.001 -15"><span class='ocrx_word' id='word_1_85' title='bbox 426 1362 599 1425; x_wconf 82' lang='grc' dir='ltr'>τιμᾶτε</span> <span class='ocrx_word' id='word_1_86' title='bbox 629 1358 813 1426; x_wconf 84' lang='grc' dir='ltr'>πατρὸς</span> <span class='ocrx_word' id='word_1_87' title='bbox 843 1357 1012 1426; x_wconf 87' lang='grc' dir='ltr'>μητέρ’</span> <span class='ocrx_word' id='word_1_88' title='bbox 1042 1358 1330 1425; x_wconf 87' lang='grc' dir='ltr'>Ἀλκμήνην</span> <span class='ocrx_word' id='word_1_89' title='bbox 1359 1361 1478 1425; x_wconf 83' lang='grc' dir='ltr'>ἐμοῦ</span> 
     </span>
     <span class='ocr_line' id='line_1_17' title="bbox 428 1440 1588 1511; baseline 0 -16"><span class='ocrx_word' id='word_1_90' title='bbox 428 1440 599 1507; x_wconf 81' lang='grc' dir='ltr'>ξένους</span> <span class='ocrx_word' id='word_1_91' title='bbox 628 1464 683 1495; x_wconf 86' lang='grc' dir='ltr'>τε</span> <span class='ocrx_word' id='word_1_92' title='bbox 710 1444 905 1494; x_wconf 85' lang='grc' dir='ltr'>τούσδε.</span> <span class='ocrx_word' id='word_1_93' title='bbox 996 1442 1084 1495; x_wconf 80' lang='grc' dir='ltr'>κᾶν</span> <span class='ocrx_word' id='word_1_94' title='bbox 1117 1442 1388 1511; x_wconf 80' lang='grc' dir='ltr'>ἀπαλλαγὴ</span> <span class='ocrx_word' id='word_1_95' title='bbox 1420 1442 1588 1495; x_wconf 91' lang='grc' dir='ltr'>πόνων</span> 
     </span>
     <span class='ocr_line' id='line_1_18' title="bbox 429 1526 1467 1600; baseline -0.001 -21"><span class='ocrx_word' id='word_1_96' title='bbox 429 1528 508 1580; x_wconf 88' lang='grc' dir='ltr'>καὶ</span> <span class='ocrx_word' id='word_1_97' title='bbox 539 1528 719 1580; x_wconf 88' lang='grc' dir='ltr'>νόστος</span> <span class='ocrx_word' id='word_1_98' title='bbox 747 1528 862 1592; x_wconf 91' lang='grc' dir='ltr'>ὑμῖν</span> <span class='ocrx_word' id='word_1_99' title='bbox 895 1528 1067 1600; x_wconf 81' lang='grc' dir='ltr'>εὑρεθῇ</span> <span class='ocrx_word' id='word_1_100' title='bbox 1097 1526 1207 1579; x_wconf 87' lang='grc' dir='ltr'>ποτ’</span> <span class='ocrx_word' id='word_1_101' title='bbox 1241 1529 1293 1579; x_wconf 83' lang='grc' dir='ltr'>ἐκ</span> <span class='ocrx_word' id='word_1_102' title='bbox 1325 1531 1467 1586; x_wconf 91' lang='grc' dir='ltr'>θεῶν,</span> 
     </span>
     <span class='ocr_line' id='line_1_19' title="bbox 426 1610 1577 1678; baseline -0.001 -15"><span class='ocrx_word' id='word_1_103' title='bbox 426 1611 684 1678; x_wconf 89' lang='grc' dir='ltr'>μέμνησθε</span> <span class='ocrx_word' id='word_1_104' title='bbox 713 1611 804 1675; x_wconf 77' lang='grc' dir='ltr'>τὴν</span> <span class='ocrx_word' id='word_1_105' title='bbox 836 1612 1078 1678; x_wconf 83' lang='grc' dir='ltr'>σώτειραν</span> <span class='ocrx_word' id='word_1_106' title='bbox 1098 1611 1175 1664; x_wconf 79' lang='grc' dir='ltr'>ὡς</span> <span class='ocrx_word' id='word_1_107' title='bbox 1207 1610 1368 1678; x_wconf 89' lang='grc' dir='ltr'>θάψαι</span> <span class='ocrx_word' id='word_1_108' title='bbox 1398 1610 1577 1678; x_wconf 83' lang='grc' dir='ltr'>χρεών.</span> 
     </span>
     <span class='ocr_line' id='line_1_20' title="bbox 430 1694 1451 1762; baseline 0.001 -15"><span class='ocrx_word' id='word_1_109' title='bbox 430 1694 682 1747; x_wconf 87' lang='grc' dir='ltr'>κάλλιστά</span> <span class='ocrx_word' id='word_1_110' title='bbox 712 1717 789 1746; x_wconf 92' lang='grc' dir='ltr'>τοι</span> <span class='ocrx_word' id='word_1_111' title='bbox 819 1697 1025 1747; x_wconf 88' lang='grc' dir='ltr'>δίκαιον·</span> <span class='ocrx_word' id='word_1_112' title='bbox 1073 1695 1128 1746; x_wconf 81' lang='grc' dir='ltr'>οὐ</span> <span class='ocrx_word' id='word_1_113' title='bbox 1157 1697 1252 1762; x_wconf 77' lang='grc' dir='ltr'>γὰρ</span> <span class='ocrx_word' id='word_1_114' title='bbox 1282 1694 1451 1759; x_wconf 77' lang='grc' dir='ltr'>ἐνδεὴς</span> 
     </span>
     <span class='ocr_line' id='line_1_21' title="bbox 427 1778 1548 1846; baseline -0.003 -14"><span class='ocrx_word' id='word_1_115' title='bbox 427 1781 543 1845; x_wconf 89' lang='grc' dir='ltr'>ὑμῖν</span> <span class='ocrx_word' id='word_1_116' title='bbox 574 1778 848 1846; x_wconf 88' lang='grc' dir='ltr'>παρέστην,</span> <span class='ocrx_word' id='word_1_117' title='bbox 883 1780 1018 1831; x_wconf 81' lang='grc' dir='ltr'>ἀλλὰ</span> <span class='ocrx_word' id='word_1_118' title='bbox 1049 1779 1329 1846; x_wconf 83' lang='grc' dir='ltr'>προύθανον</span> <span class='ocrx_word' id='word_1_119' title='bbox 1359 1778 1548 1846; x_wconf 85' lang='grc' dir='ltr'>γένους.</span> 
     </span>
     <span class='ocr_line' id='line_1_22' title="bbox 430 1862 1409 1932; baseline -0.002 -17"><span class='ocrx_word' id='word_1_120' title='bbox 430 1863 534 1915; x_wconf 89' lang='grc' dir='ltr'>τάδ’</span> <span class='ocrx_word' id='word_1_121' title='bbox 567 1864 677 1915; x_wconf 81' lang='grc' dir='ltr'>ἀντὶ</span> <span class='ocrx_word' id='word_1_122' title='bbox 707 1865 895 1932; x_wconf 83' lang='grc' dir='ltr'>παίδων</span> <span class='ocrx_word' id='word_1_123' title='bbox 927 1864 1041 1915; x_wconf 84' lang='grc' dir='ltr'>ἐστί</span> <span class='ocrx_word' id='word_1_124' title='bbox 1066 1884 1149 1927; x_wconf 90' lang='grc' dir='ltr'>μοι</span> <span class='ocrx_word' id='word_1_125' title='bbox 1181 1862 1409 1929; x_wconf 88' lang='grc' dir='ltr'>κειμήλια</span> 
     </span>
    </p>

    <p class='ocr_par' dir='ltr' id='par_1_12' title="bbox 432 1945 1483 2015">
     <span class='ocr_line' id='line_1_23' title="bbox 432 1945 1483 2015; baseline 0.002 -16"><span class='ocrx_word' id='word_1_126' title='bbox 432 1948 511 1999; x_wconf 85' lang='grc' dir='ltr'>καὶ</span> <span class='ocrx_word' id='word_1_127' title='bbox 541 1949 849 2014; x_wconf 87' lang='grc' dir='ltr'>παρθενείας,</span> <span class='ocrx_word' id='word_1_128' title='bbox 885 1948 932 1999; x_wconf 82' lang='grc' dir='ltr'>εἴ</span> <span class='ocrx_word' id='word_1_129' title='bbox 957 1968 1005 1998; x_wconf 89' lang='grc' dir='ltr'>τι</span> <span class='ocrx_word' id='word_1_130' title='bbox 1034 1946 1090 2011; x_wconf 83' lang='grc' dir='ltr'>δὴ</span> <span class='ocrx_word' id='word_1_131' title='bbox 1124 1945 1253 1998; x_wconf 88' lang='grc' dir='ltr'>κάτω</span> <span class='ocrx_word' id='word_1_132' title='bbox 1284 1947 1483 2015; x_wconf 85' lang='grc' dir='ltr'>χθονός·</span> 
     </span>
    </p>

    <p class='ocr_par' dir='ltr' id='par_1_13' title="bbox 432 2030 1457 2099">
     <span class='ocr_line' id='line_1_24' title="bbox 432 2030 1457 2099; baseline 0 -16"><span class='ocrx_word' id='word_1_133' title='bbox 432 2034 504 2096; x_wconf 80' lang='grc' dir='ltr'>ε’ίη</span> <span class='ocrx_word' id='word_1_134' title='bbox 536 2054 596 2099; x_wconf 88' lang='grc' dir='ltr'>γε</span> <span class='ocrx_word' id='word_1_135' title='bbox 624 2031 795 2097; x_wconf 85' lang='grc' dir='ltr'>μέντοι</span> <span class='ocrx_word' id='word_1_136' title='bbox 825 2030 993 2097; x_wconf 88' lang='grc' dir='ltr'>μηδέν.</span> <span class='ocrx_word' id='word_1_137' title='bbox 1083 2033 1125 2083; x_wconf 84' lang='grc' dir='ltr'>εἷ</span> <span class='ocrx_word' id='word_1_138' title='bbox 1156 2033 1249 2098; x_wconf 78' lang='grc' dir='ltr'>γὰρ</span> <span class='ocrx_word' id='word_1_139' title='bbox 1281 2031 1457 2097; x_wconf 79' lang='grc' dir='ltr'>ἕξομεν</span> 
     </span>
    </p>
   </div>
   <div class='ocr_carea' id='block_1_10' title="bbox 376 2115 1562 2183">
    <p class='ocr_par' dir='ltr' id='par_1_14' title="bbox 376 2115 1562 2183">
     <span class='ocr_line' id='line_1_25' title="bbox 376 2115 1562 2183; baseline 0 -16"><span class='ocrx_word' id='word_1_140' title='bbox 376 2143 378 2145; x_wconf 95' lang='grc'><strong><em>·</em></strong></span> <span class='ocrx_word' id='word_1_141' title='bbox 434 2118 573 2168; x_wconf 84' lang='grc' dir='ltr'>κάκεῖ</span> <span class='ocrx_word' id='word_1_142' title='bbox 599 2117 836 2183; x_wconf 81' lang='grc' dir='ltr'>μερίμνας</span> <span class='ocrx_word' id='word_1_143' title='bbox 868 2117 914 2167; x_wconf 84' lang='grc' dir='ltr'>οἱ</span> <span class='ocrx_word' id='word_1_144' title='bbox 946 2115 1236 2180; x_wconf 87' lang='grc' dir='ltr'>θανούμενοι</span> <span class='ocrx_word' id='word_1_145' title='bbox 1264 2120 1480 2182; x_wconf 83' lang='grc' dir='ltr'>βροτῶν,</span> <span class='ocrx_word' id='word_1_146' title='bbox 1554 2139 1562 2145; x_wconf 87' lang='grc'><em>·</em></span> 
     </span>
    </p>
   </div>
   <div class='ocr_carea' id='block_1_11' title="bbox 308 2372 374 2419">
    <p class='ocr_par' dir='ltr' id='par_1_15' title="bbox 308 2372 374 2419">
     <span class='ocr_line' id='line_1_26' title="bbox 308 2372 374 2419; baseline 0.03 -2"><span class='ocrx_word' id='word_1_147' title='bbox 308 2372 374 2419; x_wconf 88' lang='grc' dir='ltr'>Ιο.</span> 
     </span>
    </p>
   </div>
   <div class='ocr_carea' id='block_1_12' title="bbox 433 2198 1602 2520">
    <p class='ocr_par' dir='ltr' id='par_1_16' title="bbox 433 2198 1602 2520">
     <span class='ocr_line' id='line_1_27' title="bbox 433 2198 1602 2267; baseline 0 -17"><span class='ocrx_word' id='word_1_148' title='bbox 433 2200 519 2251; x_wconf 86' lang='grc' dir='ltr'>οὐκ</span> <span class='ocrx_word' id='word_1_149' title='bbox 551 2200 642 2251; x_wconf 75' lang='grc' dir='ltr'>οἶδ’</span> <span class='ocrx_word' id='word_1_150' title='bbox 673 2202 786 2261; x_wconf 82' lang='grc' dir='ltr'>ὅποι</span> <span class='ocrx_word' id='word_1_151' title='bbox 818 2221 891 2253; x_wconf 92' lang='grc' dir='ltr'>τις</span> <span class='ocrx_word' id='word_1_152' title='bbox 920 2199 1176 2267; x_wconf 81' lang='grc' dir='ltr'>τρέψεται·</span> <span class='ocrx_word' id='word_1_153' title='bbox 1223 2198 1279 2251; x_wconf 85' lang='grc' dir='ltr'>τὸ</span> <span class='ocrx_word' id='word_1_154' title='bbox 1309 2202 1403 2267; x_wconf 80' lang='grc' dir='ltr'>γὰρ</span> <span class='ocrx_word' id='word_1_155' title='bbox 1435 2202 1602 2251; x_wconf 83' lang='grc' dir='ltr'>θανεῖν</span> 
     </span>
     <span class='ocr_line' id='line_1_28' title="bbox 435 2283 1454 2351; baseline -0.001 -16"><span class='ocrx_word' id='word_1_156' title='bbox 435 2289 594 2336; x_wconf 85' lang='grc' dir='ltr'>κακῶν</span> <span class='ocrx_word' id='word_1_157' title='bbox 624 2283 865 2351; x_wconf 88' lang='grc' dir='ltr'>μέγιστον</span> <span class='ocrx_word' id='word_1_158' title='bbox 897 2283 1159 2351; x_wconf 89' lang='grc' dir='ltr'>φάρμακον</span> <span class='ocrx_word' id='word_1_159' title='bbox 1190 2284 1454 2349; x_wconf 74' lang='grc' dir='ltr'>νομίζεται.</span> 
     </span>
     <span class='ocr_line' id='line_1_29' title="bbox 438 2366 1487 2436; baseline -0.001 -17"><span class='ocrx_word' id='word_1_160' title='bbox 438 2366 639 2429; x_wconf 76' lang='grc' dir='ltr'>ἀλλ’,ὦ</span> <span class='ocrx_word' id='word_1_161' title='bbox 670 2367 910 2436; x_wconf 89' lang='grc' dir='ltr'>μέγιστον</span> <span class='ocrx_word' id='word_1_162' title='bbox 942 2367 1239 2435; x_wconf 82' lang='grc' dir='ltr'>ἐκπρέπουσ’</span> <span class='ocrx_word' id='word_1_163' title='bbox 1270 2367 1487 2436; x_wconf 78' lang='grc' dir='ltr'>εὐψυχίᾳ</span> 
     </span>
     <span class='ocr_line' id='line_1_30' title="bbox 433 2451 1358 2520; baseline -0.001 -16"><span class='ocrx_word' id='word_1_164' title='bbox 433 2458 611 2504; x_wconf 86' lang='grc' dir='ltr'>πασῶν</span> <span class='ocrx_word' id='word_1_165' title='bbox 642 2458 901 2520; x_wconf 88' lang='grc' dir='ltr'>γυναικῶν,</span> <span class='ocrx_word' id='word_1_166' title='bbox 935 2454 1058 2511; x_wconf 79' lang='grc' dir='ltr'>ἴσθι,</span> <span class='ocrx_word' id='word_1_167' title='bbox 1091 2451 1358 2518; x_wconf 88' lang='grc' dir='ltr'>τιμιωτάτη</span> 
     </span>
    </p>
   </div>
   <div class='ocr_carea' id='block_1_13' title="bbox 435 2534 1616 2608">
    <p class='ocr_par' dir='ltr' id='par_1_17' title="bbox 310 2534 1616 2608">
     <span class='ocr_line' id='line_1_31' title="bbox 435 2534 1616 2608; baseline -0.002 -20.191"><span class='ocrx_word' id='word_1_168' title='bbox 435 2538 514 2589; x_wconf 87' lang='grc' dir='ltr'>καὶ</span> <span class='ocrx_word' id='word_1_169' title='bbox 549 2536 668 2600; x_wconf 77' lang='grc' dir='ltr'>ζῶσ’</span> <span class='ocrx_word' id='word_1_170' title='bbox 699 2536 786 2603; x_wconf 85' lang='grc' dir='ltr'>ὑφ’</span> <span class='ocrx_word' id='word_1_171' title='bbox 817 2537 956 2602; x_wconf 88' lang='grc' dir='ltr'>ἡμῶν</span> <span class='ocrx_word' id='word_1_172' title='bbox 989 2538 1068 2589; x_wconf 85' lang='grc' dir='ltr'>καὶ</span> <span class='ocrx_word' id='word_1_173' title='bbox 1100 2536 1302 2589; x_wconf 81' lang='grc' dir='ltr'>θανοῦσ’</span> <span class='ocrx_word' id='word_1_174' title='bbox 1334 2535 1426 2608; x_wconf 85' lang='grc' dir='ltr'>ἔσῃ</span> <span class='ocrx_word' id='word_1_175' title='bbox 1459 2534 1616 2598; x_wconf 28' lang='grc' dir='ltr'>πολύ·-</span> 
     </span>
    </p>
   </div>
   <div class='ocr_carea' id='block_1_14' title="bbox 363 2632 1491 2704">
    <p class='ocr_par' dir='ltr' id='par_1_18' title="bbox 363 2632 1491 2704">
     <span class='ocr_line' id='line_1_32' title="bbox 363 2632 1491 2704; baseline -0.004 -10"><span class='ocrx_word' id='word_1_176' title='bbox 363 2666 443 2704; x_wconf 88' lang='lat'>573</span> <span class='ocrx_word' id='word_1_177' title='bbox 473 2652 664 2694; x_wconf 80' lang='grc' dir='ltr'>ὑστάτοις</span> <span class='ocrx_word' id='word_1_178' title='bbox 687 2632 939 2693; x_wconf 63' lang='lat' dir='ltr'>Blofflfiel·d:</span> <span class='ocrx_word' id='word_1_179' title='bbox 971 2655 1147 2694; x_wconf 75' lang='grc' dir='ltr'>ὕστατος</span> <span class='ocrx_word' id='word_1_180' title='bbox 1164 2652 1226 2692; x_wconf 89' lang='lat' dir='ltr'>P:</span> <span class='ocrx_word' id='word_1_181' title='bbox 1255 2654 1435 2693; x_wconf 72' lang='grc' dir='ltr'>ὕστατον</span> <span class='ocrx_word' id='word_1_182' title='bbox 1457 2650 1491 2689; x_wconf 93' lang='lat' dir='ltr'>L</span> 
     </span>
    </p>
   </div>
   <div class='ocr_carea' id='block_1_15' title="bbox 307 2707 1464 2814">
    <p class='ocr_par' dir='ltr' id='par_1_19' title="bbox 307 2707 1464 2814">
     <span class='ocr_line' id='line_1_33' title="bbox 310 2707 1028 2759; baseline 0 -12"><span class='ocrx_word' id='word_1_183' title='bbox 310 2709 352 2759; x_wconf 85' lang='lat' dir='ltr'>(e</span> <span class='ocrx_word' id='word_1_184' title='bbox 369 2723 407 2748; x_wconf 90' lang='lat' dir='ltr'>v.</span> <span class='ocrx_word' id='word_1_185' title='bbox 421 2713 529 2759; x_wconf 88' lang='lat' dir='ltr'><strong>seq.)</strong></span> <span class='ocrx_word' id='word_1_186' title='bbox 546 2708 650 2747; x_wconf 88' lang='lat' dir='ltr'>LP:</span> <span class='ocrx_word' id='word_1_187' title='bbox 671 2720 779 2746; x_wconf 84' lang='lat' dir='ltr'><strong>corr.</strong></span> <span class='ocrx_word' id='word_1_188' title='bbox 798 2707 1028 2747; x_wconf 83' lang='lat' dir='ltr'>Blomfield</span> 
     </span>
     <span class='ocr_line' id='line_1_34' title="bbox 307 2762 1464 2814; baseline -0.006 -10"><span class='ocrx_word' id='word_1_189' title='bbox 307 2774 387 2812; x_wconf 63' lang='lat'><strong>5&#39;7&#39;7</strong></span> <span class='ocrx_word' id='word_1_190' title='bbox 412 2762 491 2814; x_wconf 74' lang='grc' dir='ltr'>μὴ]</span> <span class='ocrx_word' id='word_1_191' title='bbox 514 2764 578 2804; x_wconf 80' lang='grc' dir='ltr'>καὶ</span> <span class='ocrx_word' id='word_1_192' title='bbox 603 2762 844 2811; x_wconf 83' lang='lat' dir='ltr'>Kirchhoff,</span> <span class='ocrx_word' id='word_1_193' title='bbox 867 2763 1009 2801; x_wconf 83' lang='lat' dir='ltr'><strong>deleto</strong></span> <span class='ocrx_word' id='word_1_194' title='bbox 1030 2767 1130 2813; x_wconf 84' lang='lat' dir='ltr'><strong>post</strong></span> <span class='ocrx_word' id='word_1_195' title='bbox 1150 2765 1282 2803; x_wconf 80' lang='grc' dir='ltr'>θανεῖν</span> <span class='ocrx_word' id='word_1_196' title='bbox 1303 2765 1464 2811; x_wconf 87' lang='lat' dir='ltr'>puncto</span> 
     </span>
    </p>
   </div>
   <div class='ocr_carea' id='block_1_16' title="bbox 1840 538 1964 581">
    <p class='ocr_par' dir='ltr' id='par_1_20' title="bbox 1840 538 1964 581">
     <span class='ocr_line' id='line_1_35' title="bbox 1840 538 1964 581; baseline -0.016 0"><span class='ocrx_word' id='word_1_197' title='bbox 1840 579 1843 581; x_wconf 85' lang='lat'>.</span> <span class='ocrx_word' id='word_1_198' title='bbox 1883 538 1964 580; x_wconf 87' lang='grc'>575</span> 
     </span>
    </p>
   </div>
   <div class='ocr_carea' id='block_1_17' title="bbox 1840 946 1967 996">
    <p class='ocr_par' dir='ltr' id='par_1_21' title="bbox 1840 946 1967 996">
     <span class='ocr_line' id='line_1_36' title="bbox 1840 946 1967 996; baseline -0.008 -10"><span class='ocrx_word' id='word_1_199' title='bbox 1840 987 1843 995; x_wconf 65' lang='grc'>,</span> <span class='ocrx_word' id='word_1_200' title='bbox 1885 946 1967 996; x_wconf 87' lang='lat'>580</span> 
     </span>
    </p>
   </div>
   <div class='ocr_carea' id='block_1_18' title="bbox 1888 1363 1968 1414">
    <p class='ocr_par' dir='ltr' id='par_1_22' title="bbox 1888 1363 1968 1414">
     <span class='ocr_line' id='line_1_37' title="bbox 1888 1363 1968 1414; baseline 0.013 -1"><span class='ocrx_word' id='word_1_201' title='bbox 1888 1363 1968 1414; x_wconf 89' lang='grc'>585</span> 
     </span>
    </p>
   </div>
   <div class='ocr_carea' id='block_1_19' title="bbox 1889 1793 1971 1833">
    <p class='ocr_par' dir='ltr' id='par_1_23' title="bbox 1889 1793 1971 1833">
     <span class='ocr_line' id='line_1_38' title="bbox 1889 1793 1971 1833; baseline 0.012 -1"><span class='ocrx_word' id='word_1_202' title='bbox 1889 1793 1971 1833; x_wconf 83' lang='grc'>590</span> 
     </span>
    </p>
   </div>
   <div class='ocr_carea' id='block_1_20' title="bbox 1892 2211 1971 2253">
    <p class='ocr_par' dir='ltr' id='par_1_24' title="bbox 1892 2211 1971 2253">
     <span class='ocr_line' id='line_1_39' title="bbox 1892 2211 1971 2253; baseline 0 -1"><span class='ocrx_word' id='word_1_203' title='bbox 1892 2211 1971 2253; x_wconf 89' lang='grc'>595</span> 
     </span>
    </p>
   </div>
   <div class='ocr_carea' id='block_1_21' title="bbox 1140 2647 1976 2809">
    <p class='ocr_par' dir='ltr' id='par_1_25' title="bbox 1140 2647 1976 2809">
     <span class='ocr_line' id='line_1_40' title="bbox 1620 2647 1974 2704; baseline 0 -14"><span class='ocrx_word' id='word_1_204' title='bbox 1620 2667 1650 2690; x_wconf 90' lang='grc' dir='ltr'>π</span> <span class='ocrx_word' id='word_1_205' title='bbox 1650 2647 1888 2704; x_wconf 81' lang='grc' dir='ltr'>ρόσφθ-εγμιί</span> <span class='ocrx_word' id='word_1_206' title='bbox 1906 2665 1974 2700; x_wconf 87' lang='grc' dir='ltr'>μοι</span> 
     </span>
     <span class='ocr_line' id='line_1_41' title="bbox 1140 2704 1975 2760; baseline -0.004 -15"><span class='ocrx_word' id='word_1_207' title='bbox 1140 2708 1222 2757; x_wconf 88' lang='lat'>576</span> <span class='ocrx_word' id='word_1_208' title='bbox 1247 2706 1462 2760; x_wconf 79' lang='grc' dir='ltr'>ἀρέσκουσι</span> <span class='ocrx_word' id='word_1_209' title='bbox 1479 2705 1581 2744; x_wconf 87' lang='lat' dir='ltr'>LP:</span> <span class='ocrx_word' id='word_1_210' title='bbox 1603 2717 1711 2744; x_wconf 84' lang='lat' dir='ltr'><strong>corr.</strong></span> <span class='ocrx_word' id='word_1_211' title='bbox 1726 2704 1975 2754; x_wconf 88' lang='lat' dir='ltr'>Stephanus</span> 
     </span>
     <span class='ocr_line' id='line_1_42' title="bbox 1623 2757 1976 2809; baseline -0.006 -11"><span class='ocrx_word' id='word_1_212' title='bbox 1623 2760 1701 2809; x_wconf 89' lang='lat'>581</span> <span class='ocrx_word' id='word_1_213' title='bbox 1732 2759 1770 2799; x_wconf 76' lang='grc' dir='ltr'>τ’</span> <span class='ocrx_word' id='word_1_214' title='bbox 1792 2758 1855 2797; x_wconf 91' lang='lat' dir='ltr'>L.</span> <span class='ocrx_word' id='word_1_215' title='bbox 1883 2758 1918 2798; x_wconf 83' lang='grc' dir='ltr'>δ’</span> <span class='ocrx_word' id='word_1_216' title='bbox 1941 2757 1976 2796; x_wconf 93' lang='grc' dir='ltr'>Ρ</span> 
     </span>
    </p>
   </div>
   <div class='ocr_carea' id='block_1_22' title="bbox 307 2812 1974 3035">
    <p class='ocr_par' dir='ltr' id='par_1_26' title="bbox 307 2812 1974 3035">
     <span class='ocr_line' id='line_1_43' title="bbox 307 2812 1972 2868; baseline -0.004 -12"><span class='ocrx_word' id='word_1_217' title='bbox 307 2820 393 2866; x_wconf 81' lang='grc'>582</span> <span class='ocrx_word' id='word_1_218' title='bbox 419 2820 689 2868; x_wconf 84' lang='grc' dir='ltr'>εὐδαιμονεῖτε</span> <span class='ocrx_word' id='word_1_219' title='bbox 712 2817 746 2855; x_wconf 94' lang='grc' dir='ltr'>Ρ</span> <span class='ocrx_word' id='word_1_220' title='bbox 875 2818 955 2866; x_wconf 88' lang='grc'>583</span> <span class='ocrx_word' id='word_1_221' title='bbox 985 2818 1247 2868; x_wconf 81' lang='grc' dir='ltr'>σφαλησεται</span> <span class='ocrx_word' id='word_1_222' title='bbox 1268 2816 1458 2855; x_wconf 87' lang='lat' dir='ltr'>Badham</span> <span class='ocrx_word' id='word_1_223' title='bbox 1597 2815 1676 2864; x_wconf 88' lang='lat'>585</span> <span class='ocrx_word' id='word_1_224' title='bbox 1705 2815 1851 2864; x_wconf 81' lang='grc' dir='ltr'>τιμᾶτε</span> <span class='ocrx_word' id='word_1_225' title='bbox 1872 2812 1972 2851; x_wconf 82' lang='lat' dir='ltr'>Por-</span> 
     </span>
     <span class='ocr_line' id='line_1_44' title="bbox 308 2866 1974 2925; baseline -0.002 -14"><span class='ocrx_word' id='word_1_226' title='bbox 308 2879 406 2911; x_wconf 89' lang='lat' dir='ltr'>tus:</span> <span class='ocrx_word' id='word_1_227' title='bbox 434 2889 535 2924; x_wconf 79' lang='grc' dir='ltr'>τιμῳ</span> <span class='ocrx_word' id='word_1_228' title='bbox 537 2889 585 2912; x_wconf 82' lang='grc' dir='ltr'>τε</span> <span class='ocrx_word' id='word_1_229' title='bbox 607 2871 689 2909; x_wconf 91' lang='lat' dir='ltr'>LP</span> <span class='ocrx_word' id='word_1_230' title='bbox 825 2873 906 2919; x_wconf 88' lang='lat'>588</span> <span class='ocrx_word' id='word_1_231' title='bbox 936 2873 1072 2925; x_wconf 78' lang='grc' dir='ltr'>σώτηρ</span> <span class='ocrx_word' id='word_1_232' title='bbox 1074 2888 1123 2912; x_wconf 81' lang='grc' dir='ltr'>αν</span> <span class='ocrx_word' id='word_1_233' title='bbox 1144 2871 1249 2912; x_wconf 87' lang='lat' dir='ltr'>LP:</span> <span class='ocrx_word' id='word_1_234' title='bbox 1281 2883 1388 2909; x_wconf 89' lang='lat' dir='ltr'><strong>corr.</strong></span> <span class='ocrx_word' id='word_1_235' title='bbox 1415 2869 1464 2908; x_wconf 88' lang='lat' dir='ltr'>L¹</span> <span class='ocrx_word' id='word_1_236' title='bbox 1483 2868 1551 2907; x_wconf 89' lang='lat' dir='ltr'>vel</span> <span class='ocrx_word' id='word_1_237' title='bbox 1572 2868 1624 2906; x_wconf 80' lang='lat' dir='ltr'>L²</span> <span class='ocrx_word' id='word_1_238' title='bbox 1755 2879 1838 2918; x_wconf 83' lang='lat'>592</span> <span class='ocrx_word' id='word_1_239' title='bbox 1865 2866 1974 2908; x_wconf 81' lang='grc' dir='ltr'>κάτω</span> 
     </span>
     <span class='ocr_line' id='line_1_45' title="bbox 310 2922 1974 2978; baseline -0.001 -13"><span class='ocrx_word' id='word_1_240' title='bbox 310 2926 432 2966; x_wconf 69' lang='grc' dir='ltr'>ὃὶοῐ).</span> <span class='ocrx_word' id='word_1_241' title='bbox 459 2938 549 2965; x_wconf 85' lang='lat'><em>120.</em></span> <span class='ocrx_word' id='word_1_242' title='bbox 570 2927 622 2964; x_wconf 92' lang='lat'>6:</span> <span class='ocrx_word' id='word_1_243' title='bbox 655 2927 771 2967; x_wconf 79' lang='grc' dir='ltr'>κατὰ</span> <span class='ocrx_word' id='word_1_244' title='bbox 782 2926 863 2965; x_wconf 90' lang='lat' dir='ltr'>LP</span> <span class='ocrx_word' id='word_1_245' title='bbox 1020 2928 1101 2975; x_wconf 90' lang='lat'>596</span> <span class='ocrx_word' id='word_1_246' title='bbox 1130 2927 1254 2967; x_wconf 81' lang='grc' dir='ltr'>κακὸν</span> <span class='ocrx_word' id='word_1_247' title='bbox 1274 2924 1308 2963; x_wconf 93' lang='grc' dir='ltr'>Ρ</span> <span class='ocrx_word' id='word_1_248' title='bbox 1474 2936 1558 2974; x_wconf 90' lang='lat'>597</span> <span class='ocrx_word' id='word_1_249' title='bbox 1583 2923 1766 2963; x_wconf 88' lang='lat' dir='ltr'>fortasse</span> <span class='ocrx_word' id='word_1_250' title='bbox 1786 2922 1816 2964; x_wconf 70' lang='grc' dir='ltr'><strong><em>ὦ</em></strong></span> <span class='ocrx_word' id='word_1_251' title='bbox 1836 2935 1974 2978; x_wconf 76' lang='grc' dir='ltr'>περισ-</span> 
     </span>
     <span class='ocr_line' id='line_1_46' title="bbox 311 2977 1804 3035; baseline -0.003 -13"><span class='ocrx_word' id='word_1_252' title='bbox 311 2982 399 3025; x_wconf 81' lang='grc' dir='ltr'>σὸν</span> <span class='ocrx_word' id='word_1_253' title='bbox 457 2980 521 3021; x_wconf 90' lang='lat' dir='ltr'>Cf.</span> <span class='ocrx_word' id='word_1_254' title='bbox 544 2980 651 3021; x_wconf 83' lang='lat' dir='ltr'><strong>Hec.</strong></span> <span class='ocrx_word' id='word_1_255' title='bbox 679 2993 759 3033; x_wconf 86' lang='lat'>579</span> <span class='ocrx_word' id='word_1_256' title='bbox 902 2981 1076 3035; x_wconf 78' lang='grc' dir='ltr'>εὐψυχία</span> <span class='ocrx_word' id='word_1_257' title='bbox 1097 2980 1193 3034; x_wconf 81' lang='lat' dir='ltr'>(sic)</span> <span class='ocrx_word' id='word_1_258' title='bbox 1219 2979 1297 3019; x_wconf 76' lang='lat'>1³²·</span> <span class='ocrx_word' id='word_1_259' title='bbox 1287 3007 1297 3018; x_wconf 93' lang='lat'><strong>.</strong></span> <span class='ocrx_word' id='word_1_260' title='bbox 1328 2978 1519 3032; x_wconf 65' lang='grc' dir='ltr'>εὐψυχίας</span> <span class='ocrx_word' id='word_1_261' title='bbox 1543 2977 1663 3018; x_wconf 92' lang='lat' dir='ltr'>LP</span> <span class='ocrx_word' id='word_1_262' title='bbox 1758 2992 1759 2995; x_wconf 49' lang='lat'>¹</span> <span class='ocrx_word' id='word_1_263' title='bbox 1802 3005 1804 3007; x_wconf 94' lang='lat'>-</span> 
     </span>
    </p>
   </div>
  </div>
 </body>
</html>
