2118 3366
9 113 76 167 &ab

0 149 2 179 ,¹
27 158 94 184 «ιω

24 182 33 197 κΔ
43 180 88 203 ,ΙᾸΗ

898 149 1340 203 ΕΥΡΙΠΙΔΟΥ

403 275 711 346 ἐξευρήσειςῑ

405 360 470 415 ὡς
499 364 570 416 εἷς
599 362 786 430 ἄπορόν
817 386 878 417 σε
910 366 1136 419 κλύδωνα
1165 367 1294 427 θεός,

487 444 702 511 Μήδεια,
735 453 898 501 κακῶν
929 450 1187 516 ἐπόρευσε.

279 529 381 591 Μη.
401 534 562 583 κακῶς
590 529 865 598 πέπρακται
895 541 1144 606 πανταχῇ·
1189 535 1264 588 τίς
1293 535 1509 603 ἆντερεῖ;

404 611 521 664 ἀλλ’
550 613 655 666 οὔτι
683 615 835 687 ταύτῃ
865 620 1035 675 ταῦτα,
1067 616 1135 682 μὴ
1168 618 1357 670 δοκεῖτέ
1381 640 1476 671 πω.
1869 628 1947 681 365

403 695 474 748 ἔτ’
505 696 600 752 εἵσ’
631 698 819 765 ἀγῶνες
849 703 954 753 τοῖς
984 700 1167 752 νεωστὶ
1197 703 1431 769 νυμφίοις

403 781 483 832 καὶ
511 785 648 833 τοῖσι
675 782 981 846 κηδεύσασιν
1012 783 1069 835 οὗ
1099 785 1297 851 σμικροὶ
1326 786 1486 837 πόνοι.

402 866 563 918 δοκεῖς
591 866 687 932 γὰρ
716 864 777 918 ἄν
807 887 871 931 με
899 867 1045 920 τόνδε
1076 869 1335 920 θωπεῦσαί
1359 890 1497 929 ποτε,

403 949 446 999 εἰ
473 946 540 1012 μή
570 969 618 999 τι
648 951 1004 1016 κερδαίνουσαν
1032 947 1063 1015 ἢ
1092 951 1436 1020 τεχνωμένην;

401 1031 502 1083 οὐδ’
534 1030 593 1083 ἂν
625 1038 901 1100 προσεῖπον
934 1034 1035 1086 οὐδ’
1066 1034 1128 1087 ἂν
1156 1034 1369 1103 ἡψάμην
1396 1043 1584 1106 χεροῖν.
1866 1057 1947 1098 370

401 1113 428 1165 ὃ
458 1114 500 1165 δ’
533 1117 584 1168 ἐς
612 1121 855 1169 τοσοῦτον
883 1119 1071 1185 μωρίας
1103 1119 1329 1185 ἀφίκετο,

402 1197 523 1250 ὥστ’
554 1197 669 1263 ἐξὸν
699 1200 827 1271 αὐτῷ
859 1201 970 1267 τᾶμ’
1002 1205 1137 1255 ἑλεῖν
1165 1204 1487 1270 βουλεύματα

402 1284 493 1349 γῆς
526 1284 811 1349 ἐκβαλόντι,
846 1283 982 1350 τήνδ’
1013 1287 1207 1354 ἀφῆκεν
1235 1287 1424 1355 ἡμέραν

400 1367 569 1432 μεῖναί
591 1367 660 1433 μ’,
693 1370 746 1420 ἐν
775 1366 810 1441 ᾗ
839 1375 971 1436 τρεῖς
1001 1375 1099 1423 τῶν
1132 1373 1262 1437 ἐμῶν
1294 1373 1486 1440 ἐχθρῶν
1515 1373 1716 1441 νεκροὺς

401 1449 555 1515 θήσω,
589 1451 775 1520 πατέρα
805 1474 859 1506 τε
891 1455 970 1507 καὶ
1002 1455 1152 1522 κόρην
1181 1456 1335 1508 πόσιν
1364 1456 1408 1508 τ’
1440 1458 1575 1522 ἐμόν.
1868 1474 1947 1517 375

482 1535 681 1588 πολλὰς
710 1534 751 1586 δ’
783 1534 972 1604 ἔχουσα
1003 1539 1308 1603 θανασίμους
1338 1538 1505 1593 αὐτοῖς
1536 1539 1695 1600 ὁδούς,

402 1620 491 1671 οὐκ
521 1618 612 1670 οἶδ’
644 1620 790 1688 ὁποίᾳ
821 1625 1017 1686 πρῶτον
1049 1623 1275 1689 ἐγχειρῶ,
1314 1624 1477 1689 φίλαι·

400 1703 611 1769 πότερον
641 1702 834 1771 ὑφάψω
866 1707 1004 1769 δῶμα
1034 1705 1279 1772 νυμφικὸν
1308 1708 1439 1773 πυρί,

400 1783 430 1851 ἢ
464 1786 644 1852 θηκτὸν
675 1788 791 1839 ὤσω
824 1787 1092 1855 φάσγανον
1123 1789 1184 1841 δι’
1213 1790 1417 1854 ἥπατος,

402 1878 524 1943 σιγῇ
556 1872 732 1937 δόμους
763 1872 970 1937 ἐσβᾶσ’,
1003 1872 1065 1924 ἵν’
1098 1873 1341 1940 ἔστρωται
1370 1874 1539 1943 λέχος.
1864 1884 1945 1935 380

401 1954 519 2007 ἀλλ’
551 1955 605 2007 ἕν
634 1957 688 2007 τί
709 1977 796 2021 μοι
824 1957 1118 2023 πρόσαντες·
1167 1960 1209 2009 εἰ
1238 1957 1569 2026 ληφθήσομαι

401 2039 580 2104 δόμους
609 2040 993 2105 ὑπεσβαίνουσα
1024 2041 1102 2092 καὶ
1132 2042 1436 2110 τεχνωμένη,

402 2126 625 2174 θανοῦσα
653 2122 792 2188 θήσω
824 2130 928 2178 τοῖς
958 2126 1094 2190 ἐμοῖς
1124 2127 1323 2194 ἐχθροῖς
1352 2126 1533 2194 γέλων.

402 2206 642 2274 κράτιστα
667 2205 758 2285 τὴν
787 2207 994 2267 εὐθεῖαν,
1026 2206 1063 2280 ᾗ
1087 2210 1380 2276 πεφύκαμεν

403 2292 562 2358 σοφαὶ
590 2290 830 2358 μάλιστα,
867 2292 1144 2360 φαρμάκοις
1174 2293 1349 2348 αὐτοὺς
1380 2298 1531 2347 ἑλεῖν.
1866 2303 1943 2354 385

402 2375 521 2427 εἶὲν·

402 2460 480 2511 καὶ
511 2459 568 2525 δὴ
598 2463 819 2512 τεθνᾶσι·
867 2463 940 2515 τίς
969 2483 1032 2527 με
1060 2461 1255 2528 δέξεται
1283 2463 1454 2523 πόλις,·

329 2575 405 2623 361
441 2576 666 2628 ἐξευρήσεις
687 2577 858 2617 damnat
880 2577 1070 2629 Elmsley
1199 2581 1279 2629 365
1309 2579 1389 2631 πω]
1411 2596 1493 2621 πως
1512 2579 1554 2619 V
1675 2581 1755 2631 367
1786 2582 1944 2635 σμικροὶ

276 2628 387 2669 LP:
421 2631 552 2683 μικροὶ
578 2631 734 2670 AVB.
793 2632 856 2671 Cf.
884 2646 921 2672 v.
957 2645 1031 2682 171
1229 2635 1310 2683 368
1344 2635 1393 2675 ἂν
1418 2646 1499 2674 om.
1524 2635 1565 2674 A
1701 2637 1822 2686 nov-e]
1850 2638 1943 2677 ποτ’

276 2685 324 2724 ἃν
341 2683 373 2722 L
390 2683 424 2722 P
581 2697 661 2735 373
692 2688 844 2738 ἐφῆκεν
865 2686 1013 2726 Nauck
1161 2700 1242 2738 375
1275 2705 1322 2729 τε
1347 2701 1427 2730 om.
1450 2689 1490 2728 V
1627 2691 1709 2739 378
1742 2689 1882 2743 ἐφάψω
1903 2689 1945 2730 Α

275 2739 356 2786 380
393 2737 470 2780 ῶδε
499 2743 635 2781 καλῶς
669 2743 812 2781 κεῖται.
890 2742 1064 2791 Δίδυμος
1104 2746 1342 2794 σημειοῦται
1383 2743 1446 2783 ὅτι
1484 2748 1616 2785 κακῶς
1656 2745 1695 2785 οἱ
1735 2746 1943 2798 ὑποκριταὶ

274 2791 509 2834 τάσσουσιν.
548 2799 592 2837 Σ.
628 2794 695 2835 Cf.
729 2801 814 2834 not.
857 2796 910 2834 ad
945 2798 1026 2846 356
1228 2799 1308 2846 382
1351 2798 1655 2845 ὑπεσβαίνουσα
1692 2798 1941 2840 Housman:

277 2848 574 2900 ὑπερβαίνουσα
593 2849 715 2891 codd.
866 2851 947 2900 384
978 2851 1152 2903 εὐθεῖαν]
1175 2852 1323 2904 σοφίαν
1342 2851 1382 2890 Α
1529 2853 1610 2902 385
1641 2854 1767 2905 σοφαὶ
1785 2853 1908 2894 codd.
1931 2867 1943 2893 Ξ

276 2903 394 2996 σέφοὶ
413 2902 566 2996 ἓειΙΖεΙ
766 2906 878 2946 ἑλεῖν
891 2903 1023 2944 AVB
1036 2922 1102 2960 γρ.
1121 2906 1161 2944 l:
1187 2910 1351 2948 κτανεῖν
1366 2905 1478 2946 LPv
1698 2907 1780 2957 386
1802 2907 1945 2962 πόλις]

277 2957 300 2996 δ’
320 2972 394 3006 μσς

798 3095 823 3140 ³?
