2118 3366
799 136 1239 186 ETPIHIAOT

183 264 263 313 Αι.
310 264 522 317 Πιτθεύς
553 284 627 317 τις
660 264 786 323 ἔστι,
819 269 911 332 γῆς
943 265 1074 332 ἄναξ
1097 268 1388 334 Τροζηνίας.
1422 304 1435 318 .
1469 306 1479 317 .
1515 305 1527 319 .

182 349 285 410 Μη.
305 351 435 405 παῖς,
470 348 535 401 ὡς
564 346 789 415 λέγουσι,
826 348 1077 408 Πέλοπος,
1112 349 1497 416 εὐσεβέστατος.

181 433 260 481 Αι.
305 431 460 500 τούτῳ
493 434 608 482 θεοῦ
636 430 894 496 μάντευμα
924 438 1162 483 κοινῶσαι
1192 432 1338 484 θέλω.
1765 438 1845 490 685

181 516 284 577 Μη.
308 514 472 580 σοφὸς
501 516 597 581 ’γὰρ
628 514 752 580 ἀνὴρ
784 516 864 566 καὶ
895 518 1084 582 τρίβων
1115 518 1176 566 τὰ
1207 507 1389 568 τοιάδε.

182 599 261 648 Αι.
308 599 461 663 κάμοί
484 619 543 665 γε
575 597 775 650 πάντων
808 600 1054 666 φίλτατος
1084 598 1373 666 δορυξένων.

182 684 285 745 Μη.
308 681 423 732 ἀλλ’
456 681 721 750 εὐτυχοίης·
747 682 827 734 καὶ
857 683 1028 751 τύχοις
1058 684 1194 734 ὅσων
1226 686 1356 753 ἐρᾷς.

181 768 260 815 Αι.
306 766 358 816 τί
385 767 478 832 γὰρ
512 765 604 817 σὸν
635 768 769 831 ὄμμα
799 767 932 834 χρώς
961 788 1016 818 τε
1049 766 1312 835 συντέτηχ’
1344 769 1452 827 ὅδε,·

182 851 286 912 Μη.
308 850 477 915 Αἶγεῦ,
514 848 749 902 κάκιστός
782 852 900 901 ἐστί
924 871 1008 915 μοι
1040 849 1240 903 πάντων
1273 852 1439 905 πόσις.
1767 856 1849 909 690

182 935 260 982 Αι.
307 934 360 983 τί
387 935 510 1004 φῄς,·
560 939 740 1000 σαφῶς
770 955 856 999 μοι
887 936 981 987 σὰς
1012 933 1215 1001 φράσον
1246 936 1533 1000 δυσθυμίας.

182 1019 286 1079 Μη.
308 1017 468 1067 ἀδικεῖ
495 1016 545 1081 μ’
578 1017 760 1068 Ἰάσων
791 1017 935 1069 οὐδὲν
968 1015 1028 1081 ἐξ
1055 1020 1174 1083 ἐμοῦ
1204 1019 1389 1070 παθών.

181 1103 269 1155 Aa,
306 1101 360 1151 τί
384 1102 552 1167 χρῆμα
582 1100 795 1166 δράσας;
846 1101 1004 1168 φράζε
1033 1124 1117 1166 μοι
1149 1102 1485 1169 σαφέστερον.

432 1183 664 1202 ,,,,,

181 1270 258 1317 Αι.
308 1267 364 1317 οὔ
395 1288 491 1318 που
520 1268 786 1333 τετόλμηκ’
819 1269 967 1335 ἔργον
999 1272 1271 1338 αἴσχιστον
1300 1271 1436 1330 τόδε,·
1767 1275 1845 1328 695

181 1354 285 1415 Μη.
308 1350 434 1418 σάφ’
466 1351 584 1402 ἴσθ’·
631 1351 796 1416 ἄτιμοι
829 1352 870 1403 δ’
904 1355 1058 1418 ἐσμὲν
1089 1356 1135 1406 οἱ
1165 1353 1261 1420 πρὸ
1290 1359 1378 1404 τοῦ
1410 1355 1570 1420 φίλοι.

181 1438 256 1485 Αι.
306 1435 517 1502 πότερον
542 1437 771 1502 ἐρασθεὶς
802 1432 832 1500 ἢ
866 1436 959 1488 σὸν
991 1439 1237 1505 ἐχθαίρων
1267 1437 1444 1506 λέχος;

180 1522 282 1583 Μη.
304 1517 465 1585 μέγαν
493 1519 541 1586 γ’
573 1520 732 1586 ἔρωτα
761 1521 940 1574 πιστὸς
973 1521 1061 1572 οὐκ
1093 1522 1189 1588 ἔφυ
1221 1523 1406 1589 φίλοις.

180 1607 258 1654 Αι.
305 1605 393 1654 ἴτω
426 1625 527 1662 νυν,
563 1606 716 1671 εἴπερ,
753 1605 818 1658 ὡς
847 1604 1029 1672 λέγεις,
1067 1606 1207 1657 ἐστὶν
1240 1607 1399 1659 κακός.

180 1690 282 1751 Μη.
306 1688 495 1754 ἀνδρῶν
527 1687 781 1754 τυράννων
812 1693 958 1754 κῆδος
986 1688 1182 1756 ἠράσθη
1214 1695 1412 1755 λαβεῖν.
1730 1720 1738 1733 «
1765 1706 1848 1747 700

180 1775 256 1822 Αι.
306 1773 482 1823 δίδωσι
514 1772 555 1822 δ’
586 1773 714 1842 αὐτῷ
747 1774 843 1834 τίς;
892 1773 1096 1841 πέραινέ
1125 1796 1210 1839 μοι
1239 1775 1410 1841 λόγον.

180 1859 282 1919 Μη.
308 1855 494 1922 Κρέων,
530 1855 583 1909 ὃς
614 1857 757 1925 ἄρχει
788 1862 944 1923 τῆσὸε
972 1862 1065 1926 γῆς
1098 1860 1376 1925 Κορινθίας.

178 1943 254 1989 Αι.
307 1943 613 2006 συγγνωστὰ
642 1941 735 2006 μέν
765 1942 871 2008 τᾶρ’
904 1941 964 2006 ἧν
996 1965 1058 1994 σε
1087 1946 1372 2001 λυπεῖσθαι,
1407 1942 1567 2009 γύναι.

180 2026 281 2087 Μη.
304 2026 491 2075 ὄλωλα·
542 2025 621 2076 καὶ
653 2027 774 2092 πρός
804 2026 851 2093 γ’
885 2025 1211 2092 ἐξελαύνομαι
1241 2028 1439 2095 χθονός.

178 2110 256 2158 Αι.
304 2108 425 2174 πρὸς
457 2114 566 2169 τοῦ,·
614 2110 716 2160 τόδ’
748 2110 877 2161 ἄλλο
911 2110 1080 2162 καινὸν
1111 2112 1171 2162 αὖ
1200 2110 1368 2177 λέγεις
1401 2111 1567 2162 κακόν.
1763 2127 1842 2167 705

180 2194 282 2255 Μη.
306 2191 476 2258 Κρέων
505 2193 556 2258 μ’
590 2194 788 2246 ἐλαύνει
820 2194 1021 2261 φυγάδα
1050 2199 1143 2261 γῆς
1175 2197 1455 2261 Κορινθίας.

179 2278 256 2325 Αι.
305 2277 363 2345 ἐᾷ
393 2276 435 2326 δ’
467 2276 674 2338 Ἰάσων;
724 2279 836 2330 οὐδὲ
867 2279 1000 2329 ταῦτ’
1033 2281 1272 2351 ἐπῄνεσα.

180 2362 282 2423 Μη.
303 2361 441 2430 λόγῳ
471 2364 564 2426 μὲν
595 2362 723 2431 οὐχί,
759 2369 1012 2430 καρτερεῖν
1044 2366 1095 2414 δὲ
1125 2363 1384 2428 βούλεται.

231 2478 311 2525 683
341 2476 565 2530 τροιζηνίας
587 2479 705 2518 codd.
868 2481 1061 2529 684—686
1090 2480 1196 2519 Tres
1217 2481 1297 2519 hos
1318 2493 1468 2519 versus
1487 2479 1636 2529 Aegeo
1656 2479 1846 2518 tribuunt

176 2529 264 2568 AB
457 2533 537 2581 684
579 2536 671 2574 παῖς
706 2534 738 2573 θ’
775 2536 825 2574 ὡς
858 2534 899 2571 Α
1099 2536 1180 2573 686
1219 2535 1318 2588 ἁνὴρ
1353 2535 1689 2590 Ροτεοη;.ἀνὴρ
1723 2534 1842 2574 codd.

175 2586 254 2633 687
286 2587 405 2635 κάμοί
422 2603 473 2639 γε
494 2587 583 2626 AV
598 2588 632 2625 B
654 2602 662 2625 :
693 2589 811 2637 κάμοὶ
833 2588 877 2628 δὲ
902 2589 934 2626 L
949 2589 982 2626 P
1165 2591 1247 2639 693
1279 2589 1550 2639 σεσημείωται
1571 2592 1592 2629 ὁ
1615 2589 1762 2640 στίχος
1782 2589 1844 2629 ὅτι

178 2640 242 2679 καὶ
275 2642 318 2680 ἐν
349 2641 546 2681 Πελιάσιν
578 2642 692 2682 ἐστίν
722 2648 752 2685 Σ
961 2645 1043 2692 695
1084 2646 1131 2684 οὔ
1158 2661 1233 2684 που
1261 2643 1521 2682 Witzschel:
1561 2642 1586 2691 ἧ
1616 2660 1691 2683 που
1720 2643 1843 2683 codd.

179 2694 246 2744 (cf.
272 2700 357 2734 not.
382 2696 435 2733 ad
466 2695 563 2735 I.T.
588 2709 682 2746 930,
706 2696 769 2736 El.
794 2697 890 2746 235)
914 2712 923 2736 :
952 2697 977 2745 ἧ
998 2699 1077 2751 γὰρ
1101 2698 1292 2747 Elmsley
1448 2699 1529 2746 696
1557 2696 1659 2748 ἴσθ’]
1682 2696 1783 2737 οἶσθ’
1801 2696 1842 2735 Α

177 2749 258 2797 698
286 2750 449 2801 πιστὸς]
468 2752 612 2791 πιστὸς
630 2752 662 2790 δ’
677 2751 727 2790 V.
783 2751 991 2790 Punctum
1015 2758 1112 2801 post
1136 2753 1263 2805 ἔρωτα
1282 2751 1365 2791 del.
1381 2752 1548 2790 Verrall
1662 2763 1740 2801 703
1769 2751 1843 2802 μέν

175 2803 262 2855 τᾶρ’
285 2803 532 2843 Hermann:
562 2804 638 2855 μὲν
656 2806 736 2858 ’γὰρ
758 2805 791 2843 L
808 2805 865 2845 P:
896 2807 976 2859 ’γὰρ
996 2806 1086 2845 AV
1100 2806 1160 2847 B:
1191 2808 1296 2859 ἄγαν
1316 2805 1376 2860 ἄρ’
1396 2806 1627 2846 Wecklein
1794 2821 1843 2846 σε

175 2860 429 2906 Λελυπῆσθαι
451 2859 492 2897 Α
660 2871 738 2908 705
770 2860 818 2899 αὖ
836 2860 993 2912 λέγεις]
1017 2861 1240 2913 ἀγγέλλεις
1259 2860 1299 2900 Α
1463 2861 1542 2909 708
1572 2863 1778 2913 καρτερεῖν
1798 2859 1843 2901 δὲ

177 2911 371 2958 βούλεται
394 2915 516 2953 codd.
541 2920 584 2952 et
603 2919 634 2957 Σ
658 2915 746 2964 (qui
777 2919 986 2968 καρτερεῖν
1014 2915 1126 2954 idem
1146 2916 1289 2954 valere
1319 2915 1435 2965 quod
1465 2918 1662 2968 κοιρανεῖν
1691 2915 1836 2963 dicit):

172 2967 314 3019 καρδίᾳ
336 2966 379 3007 δὲ
401 2968 596 3015 βούλεται
616 2986 684 3021 γρ.
706 2974 736 3011 Σ
758 2975 800 3007 et
827 2982 1040 3018 suprascr.
1061 2983 1096 3010 v.
1158 2975 1189 3013 Σ
1209 2970 1317 3009 alius
1345 2970 1406 3009 sic
1436 2968 1700 3019 interpungit
1726 2968 1848 3022 λόγῳ

174 3021 262 3071 μέν,
285 3023 375 3073 οὐχὶ
398 3026 606 3077 καρτερεῖν
626 3027 659 3063 δ.
686 3028 725 3070 β.
750 3023 803 3075 (δ’
827 3026 871 3063 οὐ
891 3024 1088 3071 βούλεται
1111 3025 1294 3074 Person)
