<?xml version="1.0" encoding="UTF-8"?>
<!DOCTYPE html PUBLIC "-//W3C//DTD XHTML 1.0 Transitional//EN"
    "http://www.w3.org/TR/xhtml1/DTD/xhtml1-transitional.dtd">
<html xmlns="http://www.w3.org/1999/xhtml" xml:lang="en" lang="en">
 <head>
  <title>
</title>
<meta http-equiv="Content-Type" content="text/html;charset=utf-8" />
  <meta name='ocr-system' content='tesseract 3.04.00' />
  <meta name='ocr-capabilities' content='ocr_page ocr_carea ocr_par ocr_line ocrx_word'/>
</head>
<body>
  <div class='ocr_page' id='page_1' title='image "./euripidistragoed01euriuoft_0167.png"; bbox 0 0 2118 3366; ppageno 0'>
   <div class='ocr_carea' id='block_1_1' title="bbox 762 138 1257 187">
    <p class='ocr_par' dir='ltr' id='par_1_1' title="bbox 762 138 1257 187">
     <span class='ocr_line' id='line_1_1' title="bbox 762 138 1257 187; baseline 0.004 -2"><span class='ocrx_word' id='word_1_1' title='bbox 762 138 1257 187; x_wconf 90' lang='grc' dir='ltr'><strong>ΗΡΑΚΛΕΙΔΑΙ</strong></span> 
     </span>
    </p>
   </div>
   <div class='ocr_carea' id='block_1_2' title="bbox 176 266 1856 2948">
    <p class='ocr_par' dir='ltr' id='par_1_2' title="bbox 178 266 1856 2518">
     <span class='ocr_line' id='line_1_2' title="bbox 302 266 1481 334; baseline -0.001 -16"><span class='ocrx_word' id='word_1_2' title='bbox 302 267 434 331; x_wconf 91' lang='grc' dir='ltr'>κείνη</span> <span class='ocrx_word' id='word_1_3' title='bbox 465 269 519 319; x_wconf 83' lang='grc' dir='ltr'>δὲ</span> <span class='ocrx_word' id='word_1_4' title='bbox 549 266 786 321; x_wconf 88' lang='grc' dir='ltr'>Πέλοπος</span> <span class='ocrx_word' id='word_1_5' title='bbox 815 269 1072 334; x_wconf 89' lang='grc' dir='ltr'>θυγατρός.</span> <span class='ocrx_word' id='word_1_6' title='bbox 1164 267 1481 334; x_wconf 82' lang='grc' dir='ltr'>αὐτανεψίων</span> 
     </span>
     <span class='ocr_line' id='line_1_3' title="bbox 301 349 1397 419; baseline 0 -18"><span class='ocrx_word' id='word_1_7' title='bbox 301 349 459 417; x_wconf 82' lang='grc' dir='ltr'>πατὴρ</span> <span class='ocrx_word' id='word_1_8' title='bbox 490 349 552 402; x_wconf 79' lang='grc' dir='ltr'>ἂν</span> <span class='ocrx_word' id='word_1_9' title='bbox 583 351 656 415; x_wconf 85' lang='grc' dir='ltr'>ε’ίη</span> <span class='ocrx_word' id='word_1_10' title='bbox 690 351 781 404; x_wconf 90' lang='grc' dir='ltr'>σός</span> <span class='ocrx_word' id='word_1_11' title='bbox 809 358 865 403; x_wconf 85' lang='grc' dir='ltr'>τε</span> <span class='ocrx_word' id='word_1_12' title='bbox 894 351 969 419; x_wconf 84' lang='grc' dir='ltr'><strong><em>χῶ</em></strong></span> <span class='ocrx_word' id='word_1_13' title='bbox 1001 352 1190 402; x_wconf 86' lang='grc' dir='ltr'>τούτων</span> <span class='ocrx_word' id='word_1_14' title='bbox 1220 351 1397 417; x_wconf 86' lang='grc' dir='ltr'>γεγώς.</span> 
     </span>
     <span class='ocr_line' id='line_1_4' title="bbox 371 432 1484 499; baseline -0.003 -15"><span class='ocrx_word' id='word_1_15' title='bbox 371 432 546 499; x_wconf 83' lang='grc' dir='ltr'>γένους</span> <span class='ocrx_word' id='word_1_16' title='bbox 574 435 668 499; x_wconf 77' lang='grc' dir='ltr'>μὲν</span> <span class='ocrx_word' id='word_1_17' title='bbox 696 433 833 498; x_wconf 85' lang='grc' dir='ltr'>ἥκεις</span> <span class='ocrx_word' id='word_1_18' title='bbox 861 435 957 485; x_wconf 85' lang='grc' dir='ltr'>ὧδε</span> <span class='ocrx_word' id='word_1_19' title='bbox 986 436 1172 491; x_wconf 88' lang='grc' dir='ltr'>τοῖσδε,</span> <span class='ocrx_word' id='word_1_20' title='bbox 1208 437 1484 498; x_wconf 78' lang='grc' dir='ltr'>Δημοφῶν·</span> 
     </span>
     <span class='ocr_line' id='line_1_5' title="bbox 301 515 1391 582; baseline 0 -15"><span class='ocrx_word' id='word_1_21' title='bbox 301 516 332 567; x_wconf 75' lang='grc' dir='ltr'>ἃ</span> <span class='ocrx_word' id='word_1_22' title='bbox 361 515 404 567; x_wconf 89' lang='grc' dir='ltr'>δ’</span> <span class='ocrx_word' id='word_1_23' title='bbox 435 515 574 570; x_wconf 86' lang='grc' dir='ltr'>ἐκτὸς</span> <span class='ocrx_word' id='word_1_24' title='bbox 603 515 694 581; x_wconf 88' lang='grc' dir='ltr'>ἤδη</span> <span class='ocrx_word' id='word_1_25' title='bbox 727 521 814 568; x_wconf 92' lang='grc' dir='ltr'>τοῦ</span> <span class='ocrx_word' id='word_1_26' title='bbox 847 515 1189 582; x_wconf 89' lang='grc' dir='ltr'>προσήκοντός</span> <span class='ocrx_word' id='word_1_27' title='bbox 1221 538 1282 568; x_wconf 94' lang='grc' dir='ltr'>σε</span> <span class='ocrx_word' id='word_1_28' title='bbox 1313 520 1391 567; x_wconf 94' lang='grc' dir='ltr'>δεῖ</span> 
     </span>
     <span class='ocr_line' id='line_1_6' title="bbox 300 599 1850 669; baseline 0 -18"><span class='ocrx_word' id='word_1_29' title='bbox 300 605 465 651; x_wconf 82' lang='grc' dir='ltr'>τεῖσαι</span> <span class='ocrx_word' id='word_1_30' title='bbox 493 599 628 666; x_wconf 91' lang='grc' dir='ltr'>λέγω</span> <span class='ocrx_word' id='word_1_31' title='bbox 662 622 746 651; x_wconf 89' lang='grc' dir='ltr'>σοι</span> <span class='ocrx_word' id='word_1_32' title='bbox 778 601 943 652; x_wconf 89' lang='grc' dir='ltr'>παισί·</span> <span class='ocrx_word' id='word_1_33' title='bbox 994 601 1122 667; x_wconf 89' lang='grc' dir='ltr'>φημὶ</span> <span class='ocrx_word' id='word_1_34' title='bbox 1153 599 1248 669; x_wconf 85' lang='grc' dir='ltr'>γάρ</span> <span class='ocrx_word' id='word_1_35' title='bbox 1277 622 1400 652; x_wconf 88' lang='grc' dir='ltr'>ποτε</span> <span class='ocrx_word' id='word_1_36' title='bbox 1772 616 1850 655; x_wconf 79' lang='lat'>215</span> 
     </span>
     <span class='ocr_line' id='line_1_7' title="bbox 303 683 1513 751; baseline 0.001 -17"><span class='ocrx_word' id='word_1_37' title='bbox 303 683 561 748; x_wconf 81' lang='grc' dir='ltr'>σύμπλους</span> <span class='ocrx_word' id='word_1_38' title='bbox 592 683 831 751; x_wconf 90' lang='grc' dir='ltr'>γενέσθαι</span> <span class='ocrx_word' id='word_1_39' title='bbox 864 684 1009 736; x_wconf 87' lang='grc' dir='ltr'>τῶνδ’</span> <span class='ocrx_word' id='word_1_40' title='bbox 1041 685 1335 747; x_wconf 80' lang='grc' dir='ltr'>ὑπασπίζων</span> <span class='ocrx_word' id='word_1_41' title='bbox 1365 685 1513 750; x_wconf 86' lang='grc' dir='ltr'>πατρὶ</span> 
     </span>
     <span class='ocr_line' id='line_1_8' title="bbox 305 767 1360 833; baseline 0.001 -16"><span class='ocrx_word' id='word_1_42' title='bbox 305 767 531 832; x_wconf 80' lang='grc' dir='ltr'>ζωστῆρα</span> <span class='ocrx_word' id='word_1_43' title='bbox 563 770 735 832; x_wconf 82' lang='grc' dir='ltr'>Θησεῖ</span> <span class='ocrx_word' id='word_1_44' title='bbox 761 767 848 819; x_wconf 85' lang='grc' dir='ltr'>τὸν</span> <span class='ocrx_word' id='word_1_45' title='bbox 884 769 1191 821; x_wconf 82' lang='grc' dir='ltr'>πολυκτόνον</span> <span class='ocrx_word' id='word_1_46' title='bbox 1219 767 1360 833; x_wconf 90' lang='grc' dir='ltr'>μέτα·</span> 
     </span>
     <span class='ocr_line' id='line_1_9' title="bbox 292 848 1342 920; baseline 0.002 -19"><span class='ocrx_word' id='word_1_47' title='bbox 292 848 468 902; x_wconf 65' lang='grc' dir='ltr'>“”Αιδου</span> <span class='ocrx_word' id='word_1_48' title='bbox 499 850 542 901; x_wconf 86' lang='grc' dir='ltr'>τ’</span> <span class='ocrx_word' id='word_1_49' title='bbox 573 853 794 919; x_wconf 81' lang='grc' dir='ltr'>ἐρυμνῶν</span> <span class='ocrx_word' id='word_1_50' title='bbox 833 851 1141 919; x_wconf 84' lang='grc' dir='ltr'>ἐξανήγαγεν</span> <span class='ocrx_word' id='word_1_51' title='bbox 1170 857 1342 920; x_wconf 87' lang='grc' dir='ltr'>μυχῶν</span> 
     </span>
     <span class='ocr_line' id='line_1_10' title="bbox 300 933 1493 1002; baseline 0 -16"><span class='ocrx_word' id='word_1_52' title='bbox 300 933 490 1002; x_wconf 83' lang='grc' dir='ltr'>πατέρα</span> <span class='ocrx_word' id='word_1_53' title='bbox 522 936 631 987; x_wconf 89' lang='grc' dir='ltr'>σόν·</span> <span class='ocrx_word' id='word_1_54' title='bbox 677 935 870 989; x_wconf 79' lang='grc' dir='ltr'>Ἑλλὰς</span> <span class='ocrx_word' id='word_1_55' title='bbox 904 940 1045 988; x_wconf 77' lang='grc' dir='ltr'>πᾶσα</span> <span class='ocrx_word' id='word_1_56' title='bbox 1074 941 1216 988; x_wconf 91' lang='grc' dir='ltr'>τοῦτο</span> <span class='ocrx_word' id='word_1_57' title='bbox 1245 940 1493 1002; x_wconf 84' lang='grc' dir='ltr'>μαρτυρεῖ.</span> 
     </span>
     <span class='ocr_line' id='line_1_11' title="bbox 299 1019 1856 1088; baseline 0.001 -18"><span class='ocrx_word' id='word_1_58' title='bbox 299 1020 369 1071; x_wconf 76' lang='grc' dir='ltr'>ὧν</span> <span class='ocrx_word' id='word_1_59' title='bbox 391 1020 684 1072; x_wconf 85' lang='grc' dir='ltr'>ἀντιδοῦναί</span> <span class='ocrx_word' id='word_1_60' title='bbox 711 1019 760 1070; x_wconf 85' lang='grc' dir='ltr'>σ’</span> <span class='ocrx_word' id='word_1_61' title='bbox 796 1020 887 1072; x_wconf 88' lang='grc' dir='ltr'>οἵδ’</span> <span class='ocrx_word' id='word_1_62' title='bbox 924 1021 1220 1072; x_wconf 84' lang='grc' dir='ltr'>ἀπαιτοῦσιν</span> <span class='ocrx_word' id='word_1_63' title='bbox 1250 1019 1414 1088; x_wconf 84' lang='grc' dir='ltr'>χάριν,</span> <span class='ocrx_word' id='word_1_64' title='bbox 1778 1036 1856 1064; x_wconf 85' lang='grc'>220</span> 
     </span>
     <span class='ocr_line' id='line_1_12' title="bbox 300 1101 1328 1171; baseline 0.001 -17"><span class='ocrx_word' id='word_1_65' title='bbox 300 1101 414 1168; x_wconf 87' lang='grc' dir='ltr'>μήτ’</span> <span class='ocrx_word' id='word_1_66' title='bbox 446 1105 706 1169; x_wconf 83' lang='grc' dir='ltr'>ἐκδοθῆναι</span> <span class='ocrx_word' id='word_1_67' title='bbox 737 1103 862 1169; x_wconf 89' lang='grc' dir='ltr'>μήτε</span> <span class='ocrx_word' id='word_1_68' title='bbox 896 1104 1018 1171; x_wconf 85' lang='grc' dir='ltr'>πρὸς</span> <span class='ocrx_word' id='word_1_69' title='bbox 1048 1106 1170 1170; x_wconf 86' lang='grc' dir='ltr'>βίαν</span> <span class='ocrx_word' id='word_1_70' title='bbox 1203 1108 1328 1156; x_wconf 87' lang='grc' dir='ltr'>θεῶν</span> 
     </span>
     <span class='ocr_line' id='line_1_13' title="bbox 302 1188 1485 1256; baseline 0.001 -18"><span class='ocrx_word' id='word_1_71' title='bbox 302 1191 402 1238; x_wconf 89' lang='grc' dir='ltr'>τῶν</span> <span class='ocrx_word' id='word_1_72' title='bbox 433 1191 538 1239; x_wconf 87' lang='grc' dir='ltr'>σῶν</span> <span class='ocrx_word' id='word_1_73' title='bbox 569 1188 990 1242; x_wconf 85' lang='grc' dir='ltr'>ἀποσπασθέντες</span> <span class='ocrx_word' id='word_1_74' title='bbox 1023 1191 1255 1241; x_wconf 86' lang='grc' dir='ltr'>ἐκπεσεῖν</span> <span class='ocrx_word' id='word_1_75' title='bbox 1286 1188 1485 1256; x_wconf 91' lang='grc' dir='ltr'>χθονός.</span> 
     </span>
     <span class='ocr_line' id='line_1_14' title="bbox 302 1266 1725 1341; baseline 0.001 -20"><span class='ocrx_word' id='word_1_76' title='bbox 302 1270 386 1322; x_wconf 83' lang='grc' dir='ltr'>σοὶ</span> <span class='ocrx_word' id='word_1_77' title='bbox 416 1273 510 1339; x_wconf 78' lang='grc' dir='ltr'>γὰρ</span> <span class='ocrx_word' id='word_1_78' title='bbox 540 1272 643 1324; x_wconf 87' lang='grc' dir='ltr'>τόδ’</span> <span class='ocrx_word' id='word_1_79' title='bbox 677 1272 894 1341; x_wconf 82' lang='grc' dir='ltr'>αἰσχρὸν</span> <span class='ocrx_word' id='word_1_80' title='bbox 928 1267 958 1315; x_wconf 67' lang='lat'>&#39;¹‘</span> <span class='ocrx_word' id='word_1_81' title='bbox 970 1275 1142 1340; x_wconf 88' lang='grc' dir='ltr'>χωρίς,</span> <span class='ocrx_word' id='word_1_82' title='bbox 1177 1274 1229 1324; x_wconf 85' lang='grc' dir='ltr'>ἕν</span> <span class='ocrx_word' id='word_1_83' title='bbox 1259 1294 1313 1324; x_wconf 92' lang='grc' dir='ltr'>τε</span> <span class='ocrx_word' id='word_1_84' title='bbox 1343 1273 1490 1323; x_wconf 89' lang='grc' dir='ltr'>πόλει</span> <span class='ocrx_word' id='word_1_85' title='bbox 1523 1266 1725 1330; x_wconf 73' lang='grc' dir='ltr'>κακόν,’Ῑ“</span> 
     </span>
     <span class='ocr_line' id='line_1_15' title="bbox 303 1354 1453 1424; baseline 0.004 -18"><span class='ocrx_word' id='word_1_86' title='bbox 303 1354 465 1409; x_wconf 79' lang='grc' dir='ltr'>ἱκέτας</span> <span class='ocrx_word' id='word_1_87' title='bbox 494 1354 684 1420; x_wconf 82' lang='grc' dir='ltr'>ἀλήτας</span> <span class='ocrx_word' id='word_1_88' title='bbox 717 1361 1001 1424; x_wconf 85' lang='grc' dir='ltr'>συγγενεῖς,</span> <span class='ocrx_word' id='word_1_89' title='bbox 1037 1359 1185 1422; x_wconf 83' lang='grc' dir='ltr'>οἴμοι,</span> <span class='ocrx_word' id='word_1_90' title='bbox 1221 1362 1453 1411; x_wconf 82' lang='grc' dir='ltr'>κακῶς-</span> 
     </span>
     <span class='ocr_line' id='line_1_16' title="bbox 300 1438 1855 1509; baseline 0.003 -19"><span class='ocrx_word' id='word_1_91' title='bbox 300 1438 508 1507; x_wconf 80' lang='grc' dir='ltr'>βλέψον</span> <span class='ocrx_word' id='word_1_92' title='bbox 538 1440 660 1507; x_wconf 85' lang='grc' dir='ltr'>πρὸς</span> <span class='ocrx_word' id='word_1_93' title='bbox 693 1441 869 1494; x_wconf 83' lang='grc' dir='ltr'>αὐτοὺς</span> <span class='ocrx_word' id='word_1_94' title='bbox 901 1441 1445 1508; x_wconf 63' lang='grc' dir='ltr'>βλέψον-ἕλκεσθαι</span> <span class='ocrx_word' id='word_1_95' title='bbox 1474 1442 1582 1509; x_wconf 76' lang='grc' dir='ltr'>βίᾳ.</span> <span class='ocrx_word' id='word_1_96' title='bbox 1776 1457 1855 1494; x_wconf 85' lang='lat'>225</span> 
     </span>
     <span class='ocr_line' id='line_1_17' title="bbox 302 1523 1418 1593; baseline 0.002 -18"><span class='ocrx_word' id='word_1_97' title='bbox 302 1523 427 1576; x_wconf 63' lang='grc' dir='ltr'>ἀλλ”</span> <span class='ocrx_word' id='word_1_98' title='bbox 449 1523 662 1590; x_wconf 89' lang='grc' dir='ltr'>ἄντομαί</span> <span class='ocrx_word' id='word_1_99' title='bbox 691 1547 752 1577; x_wconf 95' lang='grc' dir='ltr'>σε</span> <span class='ocrx_word' id='word_1_100' title='bbox 785 1526 864 1576; x_wconf 87' lang='grc' dir='ltr'>καὶ</span> <span class='ocrx_word' id='word_1_101' title='bbox 899 1525 1199 1592; x_wconf 88' lang='grc' dir='ltr'>καταστέφω</span> <span class='ocrx_word' id='word_1_102' title='bbox 1230 1531 1418 1593; x_wconf 84' lang='grc' dir='ltr'>χεροῖν,</span> 
     </span>
     <span class='ocr_line' id='line_1_18' title="bbox 304 1608 1468 1681; baseline 0.003 -22"><span class='ocrx_word' id='word_1_103' title='bbox 304 1609 383 1660; x_wconf 88' lang='grc' dir='ltr'>καὶ</span> <span class='ocrx_word' id='word_1_104' title='bbox 416 1648 426 1660; x_wconf 92' lang='grc'><strong>.</strong></span> <span class='ocrx_word' id='word_1_105' title='bbox 462 1647 473 1660; x_wconf 94' lang='grc'><strong>.</strong></span> <span class='ocrx_word' id='word_1_106' title='bbox 508 1647 521 1660; x_wconf 92' lang='grc'><strong>.</strong></span> <span class='ocrx_word' id='word_1_107' title='bbox 552 1608 676 1676; x_wconf 82' lang='grc' dir='ltr'>πρὸς</span> <span class='ocrx_word' id='word_1_108' title='bbox 708 1611 920 1676; x_wconf 84' lang='grc' dir='ltr'>γενείου,</span> <span class='ocrx_word' id='word_1_109' title='bbox 954 1614 1190 1676; x_wconf 86' lang='grc' dir='ltr'>μηδαμῶς</span> <span class='ocrx_word' id='word_1_110' title='bbox 1220 1609 1468 1681; x_wconf 85' lang='grc' dir='ltr'>ἀτιμάσῃς</span> 
     </span>
     <span class='ocr_line' id='line_1_19' title="bbox 208 1691 1483 1763; baseline 0.002 -20"><span class='ocrx_word' id='word_1_111' title='bbox 208 1716 210 1718; x_wconf 66' lang='grc'><strong>’</strong></span> <span class='ocrx_word' id='word_1_112' title='bbox 244 1736 246 1739; x_wconf 94' lang='grc'>.</span> <span class='ocrx_word' id='word_1_113' title='bbox 300 1692 413 1745; x_wconf 85' lang='grc' dir='ltr'>τοὺς</span> <span class='ocrx_word' id='word_1_114' title='bbox 442 1691 773 1760; x_wconf 70' lang='grc' dir='ltr'>“Ηρακλείους</span> <span class='ocrx_word' id='word_1_115' title='bbox 806 1698 989 1748; x_wconf 84' lang='grc' dir='ltr'>παῖδας</span> <span class='ocrx_word' id='word_1_116' title='bbox 1022 1696 1071 1748; x_wconf 88' lang='grc' dir='ltr'>ἐς</span> <span class='ocrx_word' id='word_1_117' title='bbox 1104 1693 1257 1763; x_wconf 90' lang='grc' dir='ltr'>χέρας</span> <span class='ocrx_word' id='word_1_118' title='bbox 1286 1695 1483 1759; x_wconf 79' lang='grc' dir='ltr'>λαβών·</span> 
     </span>
     <span class='ocr_line' id='line_1_20' title="bbox 302 1777 1394 1846; baseline 0.004 -18"><span class='ocrx_word' id='word_1_119' title='bbox 302 1782 448 1843; x_wconf 81' lang='grc' dir='ltr'>γενοῦ</span> <span class='ocrx_word' id='word_1_120' title='bbox 477 1780 530 1829; x_wconf 80' lang='grc' dir='ltr'>δὲ</span> <span class='ocrx_word' id='word_1_121' title='bbox 560 1782 730 1830; x_wconf 87' lang='grc' dir='ltr'>τοῖσδε</span> <span class='ocrx_word' id='word_1_122' title='bbox 764 1777 1031 1845; x_wconf 86' lang='grc' dir='ltr'>συγγενής,</span> <span class='ocrx_word' id='word_1_123' title='bbox 1066 1784 1212 1846; x_wconf 81' lang='grc' dir='ltr'>γενοῦ</span> <span class='ocrx_word' id='word_1_124' title='bbox 1242 1780 1394 1845; x_wconf 88' lang='grc' dir='ltr'>φίλος</span> 
     </span>
     <span class='ocr_line' id='line_1_21' title="bbox 301 1861 1855 1930; baseline 0.004 -19"><span class='ocrx_word' id='word_1_125' title='bbox 301 1861 462 1927; x_wconf 80' lang='grc' dir='ltr'>πατὴρ</span> <span class='ocrx_word' id='word_1_126' title='bbox 493 1861 715 1929; x_wconf 87' lang='grc' dir='ltr'>ἀδελφὸς</span> <span class='ocrx_word' id='word_1_127' title='bbox 748 1864 1016 1927; x_wconf 87' lang='grc' dir='ltr'>δεσπότης·</span> <span class='ocrx_word' id='word_1_128' title='bbox 1064 1862 1259 1914; x_wconf 78' lang='grc' dir='ltr'>ἅπαντα</span> <span class='ocrx_word' id='word_1_129' title='bbox 1288 1865 1383 1930; x_wconf 75' lang='grc' dir='ltr'>γὰρ</span> <span class='ocrx_word' id='word_1_130' title='bbox 1775 1877 1855 1917; x_wconf 82' lang='lat'>230</span> 
     </span>
     <span class='ocr_line' id='line_1_22' title="bbox 301 1945 1613 2013; baseline 0.002 -17"><span class='ocrx_word' id='word_1_131' title='bbox 301 1945 435 1996; x_wconf 86' lang='grc' dir='ltr'>ταῦτ’</span> <span class='ocrx_word' id='word_1_132' title='bbox 468 1947 577 1998; x_wconf 87' lang='grc' dir='ltr'>ἐστὶ</span> <span class='ocrx_word' id='word_1_133' title='bbox 609 1948 831 2012; x_wconf 89' lang='grc' dir='ltr'>κρείσσω</span> <span class='ocrx_word' id='word_1_134' title='bbox 867 1947 1001 2010; x_wconf 83' lang='grc' dir='ltr'>πλὴν</span> <span class='ocrx_word' id='word_1_135' title='bbox 1031 1946 1112 1998; x_wconf 87' lang='grc' dir='ltr'>ὑπ’</span> <span class='ocrx_word' id='word_1_136' title='bbox 1142 1947 1390 2013; x_wconf 87' lang='grc' dir='ltr'>Ἀργείοις</span> <span class='ocrx_word' id='word_1_137' title='bbox 1421 1951 1613 1999; x_wconf 88' lang='grc' dir='ltr'>πεσεῖν.</span> 
     </span>
     <span class='ocr_line' id='line_1_23' title="bbox 178 2028 1416 2098; baseline 0.002 -19"><span class='ocrx_word' id='word_1_138' title='bbox 178 2031 270 2080; x_wconf 88' lang='grc' dir='ltr'>Χο.</span> <span class='ocrx_word' id='word_1_139' title='bbox 304 2028 465 2098; x_wconf 79' lang='grc' dir='ltr'>ᾤκτιρ’</span> <span class='ocrx_word' id='word_1_140' title='bbox 497 2031 715 2084; x_wconf 83' lang='grc' dir='ltr'>ἀκούσας</span> <span class='ocrx_word' id='word_1_141' title='bbox 747 2031 931 2082; x_wconf 80' lang='grc' dir='ltr'>τούσδε</span> <span class='ocrx_word' id='word_1_142' title='bbox 962 2035 1242 2098; x_wconf 79' lang='grc' dir='ltr'>συμφορᾶς,</span> <span class='ocrx_word' id='word_1_143' title='bbox 1276 2028 1416 2094; x_wconf 80' lang='grc' dir='ltr'>ἄναξ.</span> 
     </span>
     <span class='ocr_line' id='line_1_24' title="bbox 302 2112 1361 2183; baseline 0.003 -19"><span class='ocrx_word' id='word_1_144' title='bbox 302 2112 392 2177; x_wconf 81' lang='grc' dir='ltr'>τὴν</span> <span class='ocrx_word' id='word_1_145' title='bbox 423 2113 465 2165; x_wconf 91' lang='grc' dir='ltr'>δ’</span> <span class='ocrx_word' id='word_1_146' title='bbox 498 2113 751 2181; x_wconf 82' lang='grc' dir='ltr'>εὐγένειαν</span> <span class='ocrx_word' id='word_1_147' title='bbox 783 2118 871 2179; x_wconf 92' lang='grc' dir='ltr'>τῆς</span> <span class='ocrx_word' id='word_1_148' title='bbox 903 2115 1058 2183; x_wconf 84' lang='grc' dir='ltr'>τύχης</span> <span class='ocrx_word' id='word_1_149' title='bbox 1087 2114 1361 2180; x_wconf 86' lang='grc' dir='ltr'>νικωμένην</span> 
     </span>
     <span class='ocr_line' id='line_1_25' title="bbox 302 2197 1456 2266; baseline 0.003 -17"><span class='ocrx_word' id='word_1_150' title='bbox 302 2202 392 2249; x_wconf 92' lang='grc' dir='ltr'>νῦν</span> <span class='ocrx_word' id='word_1_151' title='bbox 419 2197 479 2262; x_wconf 79' lang='grc' dir='ltr'>δὴ</span> <span class='ocrx_word' id='word_1_152' title='bbox 508 2197 714 2263; x_wconf 85' lang='grc' dir='ltr'>μάλιστ’</span> <span class='ocrx_word' id='word_1_153' title='bbox 746 2201 964 2251; x_wconf 85' lang='grc' dir='ltr'>ἐσεῖδον·</span> <span class='ocrx_word' id='word_1_154' title='bbox 1012 2201 1115 2251; x_wconf 81' lang='grc' dir='ltr'>οἵδε</span> <span class='ocrx_word' id='word_1_155' title='bbox 1145 2201 1240 2266; x_wconf 76' lang='grc' dir='ltr'>γὰρ</span> <span class='ocrx_word' id='word_1_156' title='bbox 1272 2199 1456 2265; x_wconf 83' lang='grc' dir='ltr'>πατρὸς</span> 
     </span>
     <span class='ocr_line' id='line_1_26' title="bbox 304 2283 1849 2351; baseline 0.004 -19"><span class='ocrx_word' id='word_1_157' title='bbox 304 2283 491 2333; x_wconf 90' lang='grc' dir='ltr'>ἐσθλοῦ</span> <span class='ocrx_word' id='word_1_158' title='bbox 518 2288 733 2350; x_wconf 87' lang='grc' dir='ltr'>γεγῶτες</span> <span class='ocrx_word' id='word_1_159' title='bbox 765 2283 1067 2351; x_wconf 84' lang='grc' dir='ltr'>δυστυχοῦσ’</span> <span class='ocrx_word' id='word_1_160' title='bbox 1098 2285 1191 2335; x_wconf 88' lang='grc' dir='ltr'>ἀνα</span> <span class='ocrx_word' id='word_1_161' title='bbox 1228 2284 1326 2336; x_wconf 90' lang='grc' dir='ltr'>ίως.</span> <span class='ocrx_word' id='word_1_162' title='bbox 1771 2300 1849 2338; x_wconf 85' lang='lat'>235</span> 
     </span>
     <span class='ocr_line' id='line_1_27' title="bbox 180 2366 1397 2435; baseline 0.001 -18"><span class='ocrx_word' id='word_1_163' title='bbox 180 2371 275 2430; x_wconf 86' lang='grc' dir='ltr'>Δη.</span> <span class='ocrx_word' id='word_1_164' title='bbox 296 2366 507 2432; x_wconf 86' lang='grc' dir='ltr'>τρισσαί</span> <span class='ocrx_word' id='word_1_165' title='bbox 531 2366 582 2432; x_wconf 83' lang='grc' dir='ltr'>μ’</span> <span class='ocrx_word' id='word_1_166' title='bbox 614 2367 953 2434; x_wconf 78' lang='grc' dir='ltr'>ἀναγκάζουσι</span> <span class='ocrx_word' id='word_1_167' title='bbox 983 2371 1248 2435; x_wconf 79' lang='grc' dir='ltr'>συμφορᾶς</span> <span class='ocrx_word' id='word_1_168' title='bbox 1279 2369 1397 2427; x_wconf 89' lang='grc' dir='ltr'>ὁδοί,</span> 
     </span>
     <span class='ocr_line' id='line_1_28' title="bbox 301 2450 1460 2518; baseline 0.003 -17"><span class='ocrx_word' id='word_1_169' title='bbox 301 2450 481 2511; x_wconf 89' lang='grc' dir='ltr'>Ἰόλαε,</span> <span class='ocrx_word' id='word_1_170' title='bbox 514 2451 628 2505; x_wconf 85' lang='grc' dir='ltr'>τοὺς</span> <span class='ocrx_word' id='word_1_171' title='bbox 658 2451 778 2506; x_wconf 81' lang='grc' dir='ltr'>σοὺς</span> <span class='ocrx_word' id='word_1_172' title='bbox 809 2452 875 2517; x_wconf 81' lang='grc' dir='ltr'>μὴ</span> <span class='ocrx_word' id='word_1_173' title='bbox 908 2452 1242 2518; x_wconf 84' lang='grc' dir='ltr'>παρώσασθαι</span> <span class='ocrx_word' id='word_1_174' title='bbox 1270 2451 1460 2517; x_wconf 81' lang='grc' dir='ltr'>ξένους·</span> 
     </span>
    </p>

    <p class='ocr_par' dir='ltr' id='par_1_3' title="bbox 176 2568 1853 2948">
     <span class='ocr_line' id='line_1_29' title="bbox 232 2568 1849 2622; baseline 0.002 -15"><span class='ocrx_word' id='word_1_175' title='bbox 232 2579 309 2607; x_wconf 79' lang='grc'><strong>211</strong></span> <span class='ocrx_word' id='word_1_176' title='bbox 341 2568 590 2621; x_wconf 76' lang='grc' dir='ltr'>αὐτανεψίων</span> <span class='ocrx_word' id='word_1_177' title='bbox 611 2570 763 2619; x_wconf 87' lang='lat' dir='ltr'>Reisig</span> <span class='ocrx_word' id='word_1_178' title='bbox 784 2584 793 2609; x_wconf 91' lang='lat'><strong>:</strong></span> <span class='ocrx_word' id='word_1_179' title='bbox 825 2570 1048 2622; x_wconf 78' lang='grc' dir='ltr'>αὐτανεψίω</span> <span class='ocrx_word' id='word_1_180' title='bbox 1073 2570 1106 2608; x_wconf 94' lang='lat' dir='ltr'><strong>L</strong></span> <span class='ocrx_word' id='word_1_181' title='bbox 1122 2568 1156 2608; x_wconf 94' lang='lat' dir='ltr'>P</span> <span class='ocrx_word' id='word_1_182' title='bbox 1300 2583 1382 2608; x_wconf 82' lang='lat'>212</span> <span class='ocrx_word' id='word_1_183' title='bbox 1411 2571 1475 2621; x_wconf 81' lang='grc' dir='ltr'>χὼ</span> <span class='ocrx_word' id='word_1_184' title='bbox 1500 2569 1731 2609; x_wconf 85' lang='lat' dir='ltr'><strong>Kirchhoff</strong></span> <span class='ocrx_word' id='word_1_185' title='bbox 1745 2584 1754 2609; x_wconf 78' lang='grc' dir='ltr'>ε</span> <span class='ocrx_word' id='word_1_186' title='bbox 1784 2571 1849 2611; x_wconf 80' lang='grc' dir='ltr'>καὶ</span> 
     </span>
     <span class='ocr_line' id='line_1_30' title="bbox 179 2621 1851 2678; baseline 0.001 -17"><span class='ocrx_word' id='word_1_187' title='bbox 179 2621 214 2661; x_wconf 92' lang='lat' dir='ltr'><strong>L</strong></span> <span class='ocrx_word' id='word_1_188' title='bbox 227 2622 261 2661; x_wconf 89' lang='lat' dir='ltr'>P</span> <span class='ocrx_word' id='word_1_189' title='bbox 370 2626 558 2672; x_wconf 87' lang='lat'><strong>215-216</strong></span> <span class='ocrx_word' id='word_1_190' title='bbox 579 2626 680 2676; x_wconf 82' lang='grc' dir='ltr'>φημὶ</span> <span class='ocrx_word' id='word_1_191' title='bbox 698 2655 707 2664; x_wconf 89' lang='grc'><strong>.</strong></span> <span class='ocrx_word' id='word_1_192' title='bbox 727 2655 738 2665; x_wconf 91' lang='grc'><strong>.</strong></span> <span class='ocrx_word' id='word_1_193' title='bbox 759 2657 766 2664; x_wconf 97' lang='grc'><em>.</em></span> <span class='ocrx_word' id='word_1_194' title='bbox 784 2624 927 2677; x_wconf 83' lang='grc' dir='ltr'>πατρὶ]</span> <span class='ocrx_word' id='word_1_195' title='bbox 945 2626 1045 2677; x_wconf 80' lang='grc' dir='ltr'>φησὶ</span> <span class='ocrx_word' id='word_1_196' title='bbox 1063 2656 1072 2664; x_wconf 91' lang='grc'><strong><em>.</em></strong></span> <span class='ocrx_word' id='word_1_197' title='bbox 1093 2656 1101 2665; x_wconf 93' lang='grc'><strong>.</strong></span> <span class='ocrx_word' id='word_1_198' title='bbox 1120 2655 1128 2665; x_wconf 93' lang='grc'><em>.</em></span> <span class='ocrx_word' id='word_1_199' title='bbox 1146 2626 1279 2678; x_wconf 79' lang='grc' dir='ltr'>πατὴρ</span> <span class='ocrx_word' id='word_1_200' title='bbox 1294 2624 1534 2672; x_wconf 86' lang='lat' dir='ltr'><strong>Kirchhoff,</strong></span> <span class='ocrx_word' id='word_1_201' title='bbox 1551 2629 1683 2674; x_wconf 84' lang='lat' dir='ltr'><strong>recte,</strong></span> <span class='ocrx_word' id='word_1_202' title='bbox 1697 2624 1851 2674; x_wconf 90' lang='lat' dir='ltr'>opinor</span> 
     </span>
     <span class='ocr_line' id='line_1_31' title="bbox 177 2677 1850 2730; baseline 0.002 -15"><span class='ocrx_word' id='word_1_203' title='bbox 177 2677 259 2716; x_wconf 82' lang='lat'>218</span> <span class='ocrx_word' id='word_1_204' title='bbox 298 2679 471 2730; x_wconf 81' lang='grc' dir='ltr'>ἑρεμνῶν</span> <span class='ocrx_word' id='word_1_205' title='bbox 503 2679 668 2718; x_wconf 85' lang='lat' dir='ltr'><strong>Barnes</strong></span> <span class='ocrx_word' id='word_1_206' title='bbox 893 2691 1082 2728; x_wconf 83' lang='lat'><strong>220—225</strong></span> <span class='ocrx_word' id='word_1_207' title='bbox 1124 2679 1325 2729; x_wconf 87' lang='lat' dir='ltr'><strong>suspecti.</strong></span> <span class='ocrx_word' id='word_1_208' title='bbox 1389 2691 1482 2728; x_wconf 86' lang='lat'><em>221,</em></span> <span class='ocrx_word' id='word_1_209' title='bbox 1515 2691 1594 2717; x_wconf 86' lang='lat'>222</span> <span class='ocrx_word' id='word_1_210' title='bbox 1613 2699 1647 2711; x_wconf 93' lang='lat'><strong><em>=</em></strong></span> <span class='ocrx_word' id='word_1_211' title='bbox 1667 2692 1736 2729; x_wconf 91' lang='lat'>97,</span> <span class='ocrx_word' id='word_1_212' title='bbox 1768 2681 1822 2728; x_wconf 90' lang='lat'>98</span> <span class='ocrx_word' id='word_1_213' title='bbox 1840 2694 1850 2729; x_wconf 90' lang='lat'>;</span> 
     </span>
     <span class='ocr_line' id='line_1_32' title="bbox 178 2733 1849 2788; baseline 0.004 -19"><span class='ocrx_word' id='word_1_214' title='bbox 178 2744 257 2781; x_wconf 84' lang='lat'>223</span> <span class='ocrx_word' id='word_1_215' title='bbox 281 2739 430 2772; x_wconf 86' lang='lat' dir='ltr'><strong>contra</strong></span> <span class='ocrx_word' id='word_1_216' title='bbox 443 2740 622 2773; x_wconf 85' lang='lat' dir='ltr'><strong>metrum</strong></span> <span class='ocrx_word' id='word_1_217' title='bbox 638 2740 788 2785; x_wconf 85' lang='lat' dir='ltr'><strong>peccat</strong></span> <span class='ocrx_word' id='word_1_218' title='bbox 806 2747 816 2784; x_wconf 90' lang='grc'><strong>;</strong></span> <span class='ocrx_word' id='word_1_219' title='bbox 846 2747 939 2773; x_wconf 89' lang='lat' dir='ltr'><strong>curn</strong></span> <span class='ocrx_word' id='word_1_220' title='bbox 958 2746 1037 2783; x_wconf 87' lang='lat'>225</span> <span class='ocrx_word' id='word_1_221' title='bbox 1055 2734 1104 2773; x_wconf 88' lang='lat' dir='ltr'>cf.</span> <span class='ocrx_word' id='word_1_222' title='bbox 1119 2733 1211 2773; x_wconf 88' lang='lat' dir='ltr'><strong>Alc.</strong></span> <span class='ocrx_word' id='word_1_223' title='bbox 1230 2748 1312 2784; x_wconf 86' lang='lat'>390</span> <span class='ocrx_word' id='word_1_224' title='bbox 1424 2746 1503 2782; x_wconf 88' lang='grc'>223</span> <span class='ocrx_word' id='word_1_225' title='bbox 1532 2736 1576 2774; x_wconf 83' lang='grc' dir='ltr'>ἐν</span> <span class='ocrx_word' id='word_1_226' title='bbox 1586 2751 1635 2774; x_wconf 83' lang='grc' dir='ltr'>τε</span> <span class='ocrx_word' id='word_1_227' title='bbox 1649 2737 1700 2788; x_wconf 77' lang='grc' dir='ltr'>τῇ</span> <span class='ocrx_word' id='word_1_228' title='bbox 1715 2734 1849 2782; x_wconf 85' lang='grc' dir='ltr'>πόλει,</span> 
     </span>
     <span class='ocr_line' id='line_1_33' title="bbox 176 2787 1846 2841; baseline 0.002 -16"><span class='ocrx_word' id='word_1_229' title='bbox 176 2787 335 2826; x_wconf 89' lang='lat' dir='ltr'>omisso</span> <span class='ocrx_word' id='word_1_230' title='bbox 361 2787 497 2832; x_wconf 82' lang='grc' dir='ltr'>κακόν,</span> <span class='ocrx_word' id='word_1_231' title='bbox 524 2788 699 2828; x_wconf 81' lang='lat' dir='ltr'><strong>Erfurdt</strong></span> <span class='ocrx_word' id='word_1_232' title='bbox 727 2791 757 2841; x_wconf 85' lang='lat'>(‘</span> <span class='ocrx_word' id='word_1_233' title='bbox 774 2791 899 2830; x_wconf 80' lang='grc' dir='ltr'>κακὸν</span> <span class='ocrx_word' id='word_1_234' title='bbox 926 2789 1033 2827; x_wconf 91' lang='lat' dir='ltr'>nihil</span> <span class='ocrx_word' id='word_1_235' title='bbox 1060 2794 1125 2828; x_wconf 86' lang='lat' dir='ltr'>est</span> <span class='ocrx_word' id='word_1_236' title='bbox 1153 2789 1236 2828; x_wconf 88' lang='lat' dir='ltr'>nisi</span> <span class='ocrx_word' id='word_1_237' title='bbox 1262 2793 1395 2830; x_wconf 82' lang='grc' dir='ltr'>κακῶν</span> <span class='ocrx_word' id='word_1_238' title='bbox 1422 2789 1522 2826; x_wconf 88' lang='lat' dir='ltr'>illud</span> <span class='ocrx_word' id='word_1_239' title='bbox 1550 2789 1662 2838; x_wconf 92' lang='lat' dir='ltr'>quod</span> <span class='ocrx_word' id='word_1_240' title='bbox 1689 2801 1726 2827; x_wconf 93' lang='lat' dir='ltr'>v.</span> <span class='ocrx_word' id='word_1_241' title='bbox 1755 2801 1846 2839; x_wconf 84' lang='lat' dir='ltr'><strong>seq.</strong></span> 
     </span>
     <span class='ocr_line' id='line_1_34' title="bbox 178 2841 1853 2896; baseline 0.002 -17"><span class='ocrx_word' id='word_1_242' title='bbox 178 2841 407 2891; x_wconf 85' lang='lat' dir='ltr'><strong>requiritur</strong></span> <span class='ocrx_word' id='word_1_243' title='bbox 424 2843 457 2883; x_wconf 72' lang='grc' dir='ltr'>ι’</span> <span class='ocrx_word' id='word_1_244' title='bbox 483 2842 820 2896; x_wconf 83' lang='lat' dir='ltr'><strong>Wilamowitz):</strong></span> <span class='ocrx_word' id='word_1_245' title='bbox 851 2843 973 2894; x_wconf 83' lang='grc' dir='ltr'>χωρὶς</span> <span class='ocrx_word' id='word_1_246' title='bbox 995 2843 1031 2882; x_wconf 84' lang='grc' dir='ltr'>εἰ</span> <span class='ocrx_word' id='word_1_247' title='bbox 1050 2842 1171 2883; x_wconf 82' lang='grc' dir='ltr'>πόλει</span> <span class='ocrx_word' id='word_1_248' title='bbox 1192 2844 1401 2884; x_wconf 88' lang='lat' dir='ltr'><strong>Cornford</strong></span> <span class='ocrx_word' id='word_1_249' title='bbox 1578 2856 1660 2893; x_wconf 83' lang='lat'>224</span> <span class='ocrx_word' id='word_1_250' title='bbox 1687 2845 1853 2885; x_wconf 83' lang='grc' dir='ltr'>κακῶνί</span> 
     </span>
     <span class='ocr_line' id='line_1_35' title="bbox 178 2896 1847 2948; baseline 0.004 -15"><span class='ocrx_word' id='word_1_251' title='bbox 178 2908 256 2946; x_wconf 82' lang='grc'>227</span> <span class='ocrx_word' id='word_1_252' title='bbox 287 2896 374 2947; x_wconf 80' lang='grc' dir='ltr'>καὶ]</span> <span class='ocrx_word' id='word_1_253' title='bbox 403 2898 459 2947; x_wconf 80' lang='grc' dir='ltr'>μὴ</span> <span class='ocrx_word' id='word_1_254' title='bbox 488 2897 721 2938; x_wconf 86' lang='lat' dir='ltr'><strong>Kirchhoff</strong></span> <span class='ocrx_word' id='word_1_255' title='bbox 928 2899 1009 2936; x_wconf 89' lang='lat'>228</span> <span class='ocrx_word' id='word_1_256' title='bbox 1039 2901 1185 2945; x_wconf 80' lang='grc' dir='ltr'>λαβεῖν</span> <span class='ocrx_word' id='word_1_257' title='bbox 1215 2898 1406 2948; x_wconf 85' lang='lat' dir='ltr'><strong>Elmsley</strong></span> <span class='ocrx_word' id='word_1_258' title='bbox 1611 2911 1690 2948; x_wconf 85' lang='lat'>232</span> <span class='ocrx_word' id='word_1_259' title='bbox 1720 2903 1847 2940; x_wconf 82' lang='grc' dir='ltr'>τῶνδε</span> 
     </span>
    </p>
   </div>
   <div class='ocr_carea' id='block_1_3' title="bbox 174 2951 1846 3061">
    <p class='ocr_par' dir='ltr' id='par_1_4' title="bbox 174 2951 1846 3061">
     <span class='ocr_line' id='line_1_36' title="bbox 174 2951 1846 3005; baseline 0.002 -14"><span class='ocrx_word' id='word_1_260' title='bbox 174 2952 383 3004; x_wconf 81' lang='grc' dir='ltr'>συμφορὰς</span> <span class='ocrx_word' id='word_1_261' title='bbox 397 2951 588 3003; x_wconf 83' lang='lat' dir='ltr'><strong>Elmsley</strong></span> <span class='ocrx_word' id='word_1_262' title='bbox 602 2967 611 2993; x_wconf 90' lang='lat'>:</span> <span class='ocrx_word' id='word_1_263' title='bbox 643 2953 770 2994; x_wconf 77' lang='grc' dir='ltr'>τάσδε</span> <span class='ocrx_word' id='word_1_264' title='bbox 783 2953 988 3005; x_wconf 82' lang='grc' dir='ltr'>συμφορὰς</span> <span class='ocrx_word' id='word_1_265' title='bbox 1002 2957 1217 2990; x_wconf 87' lang='lat' dir='ltr'><strong>corrector</strong></span> <span class='ocrx_word' id='word_1_266' title='bbox 1231 2965 1375 3002; x_wconf 85' lang='lat' dir='ltr'><strong>apogr.</strong></span> <span class='ocrx_word' id='word_1_267' title='bbox 1398 2951 1532 2992; x_wconf 86' lang='lat' dir='ltr'><strong>Paris.</strong></span> <span class='ocrx_word' id='word_1_268' title='bbox 1646 2955 1727 3002; x_wconf 90' lang='grc'><strong>236</strong></span> <span class='ocrx_word' id='word_1_269' title='bbox 1755 2968 1846 2994; x_wconf 85' lang='grc' dir='ltr'>συν-</span> 
     </span>
     <span class='ocr_line' id='line_1_37' title="bbox 178 3005 1799 3061; baseline 0.001 -16"><span class='ocrx_word' id='word_1_270' title='bbox 178 3005 286 3047; x_wconf 82' lang='grc' dir='ltr'>νοίας</span> <span class='ocrx_word' id='word_1_271' title='bbox 307 3005 524 3048; x_wconf 85' lang='lat' dir='ltr'>Schmidt:</span> <span class='ocrx_word' id='word_1_272' title='bbox 558 3011 780 3061; x_wconf 79' lang='grc' dir='ltr'>συμφοραῖς</span> <span class='ocrx_word' id='word_1_273' title='bbox 799 3007 964 3047; x_wconf 86' lang='lat' dir='ltr'><strong>Verrall</strong></span> <span class='ocrx_word' id='word_1_274' title='bbox 1104 3019 1182 3056; x_wconf 85' lang='lat'>237</span> <span class='ocrx_word' id='word_1_275' title='bbox 1215 3006 1368 3058; x_wconf 84' lang='grc' dir='ltr'>ξένους]</span> <span class='ocrx_word' id='word_1_276' title='bbox 1391 3007 1541 3059; x_wconf 80' lang='grc' dir='ltr'>λόγους</span> <span class='ocrx_word' id='word_1_277' title='bbox 1566 3007 1799 3047; x_wconf 86' lang='lat' dir='ltr'><strong>Kirchhoff</strong></span> 
     </span>
    </p>
   </div>
  </div>
 </body>
</html>
