2118 3366
728 191 1480 289 ANAPOMAXH

643 698 1007 749 ’ΥΠΟΘΕΣΙΣ
1075 697 1572 747 ΑΝΔΡΟΜΑΧΗΣ

326 925 630 978 Νεοπτόλεμος
647 921 693 965 ἐν
709 922 759 978 τῇ
778 920 906 980 Τροίᾳ
923 919 1052 979 γέρας
1069 921 1220 976 λαβὼν
1235 919 1310 976 τὴν
1325 917 1636 979 Ἀνδρομάχην,
1651 918 1942 980 τῆν”Εκτορος

265 998 458 1055 γυναῖκα,
481 995 614 1040 παῖδα
634 996 776 1039 ἔτεκεν
803 994 853 1050 ἐξ
881 994 1023 1048 αὐτῆς.
1085 992 1269 1051 ὕστερον
1298 993 1343 1037 δὲ
1373 993 1585 1053 ἐπέγημεν
1606 991 1843 1053 Ἑρμιόνην,
1867 995 1944 1051 τὴν

267 1071 487 1113 Μενελάου
505 1068 735 1127 θυγατέρα.
780 1067 898 1112 δίκας
915 1067 961 1110 δὲ
977 1070 1149 1124 πρῶτον
1164 1065 1328 1123 ᾔτηκὼς
1345 1068 1419 1122 τῆς
1431 1065 1671 1124 Ἀχιλλέως
1687 1065 1944 1126 ἀναιρέσεως

264 1143 337 1186 τὸν
367 1142 413 1185 ἐν
443 1141 637 1198 Δελφοῖς
665 1140 935 1196 Ἀπόλλωνα,
958 1141 1091 1185 πάλιν
1119 1137 1310 1195 ἀπῆλθεν
1339 1138 1409 1183 ἐπὶ
1438 1140 1487 1184 τὸ
1517 1138 1784 1197 χρηστήριον
1813 1158 1942 1198 μετα-

219 1229 239 1267 5
266 1213 435 1271 νοήσας,
472 1212 539 1259 ἵνα
579 1215 654 1260 τὸν
690 1213 788 1257 θεὸν
828 1213 1095 1270 ἐξιλάσηται.
1159 1211 1407 1268 ζηλοτύπως
1450 1211 1487 1256 δ’
1520 1214 1685 1270 ἔχουσα
1722 1214 1832 1271 πρὸς
1867 1214 1944 1271 τὴν

264 1286 562 1346 Ἀνδρομάχην
583 1287 607 1344 ἡ
629 1287 806 1341 βασιλὶς
826 1285 1086 1340 ἐβουλεύετο
1107 1284 1196 1331 κατ’
1213 1288 1344 1342 αὐτῆς
1366 1287 1562 1342 θάνατον,
1576 1287 1944 1346 μεταπεμψαμένη

265 1363 340 1407 τὸν
362 1362 597 1406 Μενέλαον·
630 1361 654 1416 ἣ
678 1362 724 1405 δὲ
746 1363 795 1406 τὸ
815 1362 988 1407 παιδίον
1008 1362 1087 1418 μὲν
1109 1361 1380 1419 ὑπεξέθηκεν,
1404 1363 1507 1419 αὐτὴ
1538 1363 1584 1407 δὲ
1614 1363 1853 1421 κατέφυγεν
1873 1364 1942 1408 ἐπὶ

264 1437 315 1479 τὸ
338 1437 448 1494 ἱερὸν
468 1438 542 1492 τῆς
565 1436 758 1481 Θέτιδος.
819 1437 859 1478 οἶ
881 1435 928 1479 δὲ
949 1437 1047 1493 περὶ
1070 1437 1144 1479 τὸν
1167 1438 1390 1482 Μενέλαον
1413 1437 1479 1481 καὶ
1503 1438 1551 1481 τὸ
1573 1437 1747 1482 παιδ.ὀν
1767 1437 1942 1496 ἀνεῦρον

266 1509 332 1551 καὶ
353 1509 510 1565 ἐκείνην
531 1508 823 1565 ἁπατὴσαντες
848 1510 1032 1566 ἤγειραν.
1096 1508 1161 1552 καὶ
1183 1509 1395 1566 σφάττειν
1416 1510 1650 1566 μέλλοντες
1671 1502 1943 1568 ἀμφοτέρους

195 1600 243 1628 10
266 1581 541 1639 ἐκωλύθησαν
583 1582 761 1637 Πηλέως
801 1581 1097 1639 ἐπιφανέντος.
1177 1581 1398 1626 Μενέλαος
1435 1583 1512 1640 μὲν
1548 1581 1622 1627 οὖν
1657 1581 1848 1639 ἀπῆλθεν
1885 1583 1944 1628 εἷς

267 1657 476 1713 Σπάρτην,
513 1654 711 1713 Ἐρμιόνη
755 1654 801 1699 δὲ
842 1656 1100 1711 μετενόησεν
1141 1655 1434 1711 εὐλαβηθεῖσα
1476 1656 1551 1712 τὴν
1591 1655 1831 1714 παρουσίαν
1866 1660 1942 1702 τοῦ

267 1727 585 1785 Νεοπτολέμου.
649 1729 995 1787 παραγενόμενος
1037 1728 1083 1772 δὲ
1126 1730 1149 1771 ὁ
1186 1727 1395 1786 Ὀρέστης
1437 1727 1594 1785 ταύτην
1633 1729 1711 1787 μὲν
1750 1722 1942 1789 α’πῆγαγε

265 1802 432 1857 πείσας,
456 1802 745 1860 Νεοπτολέμῳ
772 1800 818 1845 δὲ
847 1799 1177 1854 ἐπεβούλευσεν·
1212 1799 1261 1846 ὃν
1287 1802 1355 1845 καὶ
1385 1801 1648 1859 φονευθέντα
1675 1804 1875 1860 παρῆσαν
1902 1804 1943 1847 οἶ

263 1875 483 1931 φέροντες.
546 1877 688 1930 Πηλεῖ
720 1875 767 1918 δὲ
802 1873 1008 1930 μέλλοντι
1041 1875 1115 1919 τὸν
1145 1875 1296 1933 νεκρὸν
1325 1875 1494 1932 θρηνεῖν
1527 1878 1651 1922 Θέτις
1682 1876 1942 1934 ἐπιφανεῖσα

195 1966 239 2007 15
264 1950 417 1991 τοῦτον
457 1948 533 2005 μὲν
574 1947 781 2004 ἐπέταξεν
821 1948 869 1992 ἐν
913 1949 1108 2005 Δελφοῖς
1147 1946 1305 2007 θάψαι,
1341 1948 1420 2003 τὴν
1461 1948 1507 1992 δὲ
1548 1945 1844 2006 Ἀνδρομάχην
1884 1949 1942 1994 εἷς

265 2021 532 2066 Μολοσσοὺς
564 2019 822 2066 ἀποστεῖλαι
853 2021 959 2076 μετὰ
990 2023 1068 2065 τοῦ
1098 2021 1267 2077 παιδός,
1300 2021 1426 2065 αὐτὸν
1457 2020 1504 2065 δὲ
1534 2020 1769 2066 ἀθανασίαν
1800 2040 1940 2079 προσ-

264 2095 484 2153 δέχεσθαι.
546 2097 689 2153 τυχὼν
711 2094 757 2138 δὲ
779 2094 906 2151 αὐτῆς
929 2094 988 2141 εἷς
1007 2095 1207 2155 μακάρων
1229 2095 1386 2153 νήσους
1406 2092 1586 2155 ᾤκησεν.

1074 2239 1135 2289 ΙΙ

367 2364 376 2374 .
414 2363 424 2374 .
459 2327 483 2384 ἡ
521 2329 599 2385 μὲν
636 2329 769 2386 σκηνὴ
807 2331 883 2374 τοῦ
922 2329 1136 2388 δράματος
1173 2329 1389 2374 ὖποκεῖται
1426 2329 1472 2373 ἐν
1508 2328 1630 2386 Φθίᾳ,
1665 2330 1688 2371 ὁ
1726 2328 1772 2373 δέ
1806 2330 1940 2389 χορὸς

262 2404 526 2460 συνέστηκεν
555 2404 602 2448 ἐκ
635 2402 880 2447 Φθιωτίδων
911 2407 1132 2463 γυναικῶν.
1193 2403 1442 2462 προλογίζει
1469 2402 1514 2447 δέ
1540 2402 1826 2461 Ἀνδρομάχη.
1887 2406 1937 2448 τὸ

315 2525 627 2577 Argumentum
650 2532 693 2566 et
713 2526 853 2567 Dram.
878 2527 997 2567 Pers.
1016 2540 1098 2567 om.
1117 2527 1165 2575 L,
1183 2527 1278 2567 add.
1300 2526 1349 2566 L²
1465 2539 1482 2564 1
1515 2527 1593 2576 τὴν
1608 2525 1885 2581 τοῦἝκτορος
1900 2527 1938 2568 V

263 2594 289 2632 3
318 2582 495 2634 πρῶτον]
518 2581 713 2635 πρότερον
735 2581 929 2621 Lascaris
1113 2595 1140 2632 9
1171 2582 1481 2631 ἀπαντήσαντες
1500 2581 1540 2620 V
1650 2581 1868 2636 ἀνήγειραν
1889 2582 1937 2622 L²

267 2648 315 2685 13
347 2635 512 2688 πείσας]
535 2639 591 2678 εἷς
611 2635 802 2690 Σπάρτην
823 2637 857 2675 Ρ
981 2636 1048 2688 ὃν]
1080 2638 1118 2678 οἳ
1139 2637 1180 2675 Μ
1196 2638 1235 2676 V
1249 2637 1284 2675 B
1302 2637 1351 2677 N.
1411 2636 1582 2687 Aliquid
1605 2636 1758 2676 deesse
1778 2637 1937 2678 iudicat

264 2691 488 2731 Schwartz
715 2703 763 2740 15
803 2690 920 2743 θάψαι
943 2703 997 2730 ex
1017 2690 1155 2741 μένειν
1175 2704 1341 2731 correX.
1366 2691 1403 2730 V
1628 2692 1678 2729 16
1712 2690 1935 2734 ἀπέστειλε

263 2747 385 2785 codd.
411 2745 513 2798 (W)
535 2759 545 2785 z
576 2759 684 2786 corr.
707 2746 903 2785 Lascaris
924 2753 966 2785 et
989 2746 1189 2785 Musurus
1304 2759 1351 2797 17
1381 2745 1567 2798 τυχόντα
1587 2744 1632 2787 δὲ
1652 2776 1662 2786 .
1682 2776 1693 2787 .
1718 2774 1729 2785 .
1754 2746 1935 2796 οἰκήσειν

265 2799 489 2840 Hermann

317 2856 458 2905 Caput
477 2856 712 2895 secundum
735 2855 1017 2905 fragmentum
1033 2856 1202 2895 videtur
1221 2867 1317 2895 esse
1332 2856 1573 2905 argumenti
1591 2855 1904 2907 Aristophanei
1923 2870 1933 2896 :

263 2911 464 2949 omissum
486 2916 551 2949 est
573 2911 616 2949 in
642 2911 681 2949 Μ
700 2910 734 2949 Β
751 2910 790 2949 O
997 2912 1048 2949 18
1079 2914 1285 2952 ὑποκεΐται
1306 2910 1594 2950 Wilamowitz
1612 2926 1621 2951 ι
1654 2915 1784 2953 κεῖται
1805 2911 1927 2952 codd.

268 2977 317 3013 19
347 2967 600 3015 συνέστηκεν
622 2965 654 3004 L
670 2965 703 3003 P
723 2980 732 3005 ε
760 2977 842 3004 om.
870 2965 911 3004 M
925 2965 965 3004 N
981 2965 1070 3005 VA
