2118 3366
940 129 1201 176 EKABH

241 265 343 312 Πλ.
377 260 457 312 καὶ
487 257 648 325 θαῦμά
679 257 726 326 γ’
758 256 919 310 οὐδέν.
1008 259 1142 309 ἀλλὰ
1171 260 1245 311 τίς
1276 260 1421 325 χρεία
1453 258 1501 309 σ’
1534 261 1676 325 ἐμοῦ,·

365 345 419 395 τί
443 342 592 412 χρῆμ’
625 341 837 409 ἐπέμψω
867 341 956 393 τὸν
988 341 1109 406 ἐμὸν
1141 343 1194 392 ἐκ
1225 343 1389 406 δόμων
1419 343 1574 394 πόδα·

243 431 332 479 Εκ.
363 429 491 479 ἴδιον
522 428 734 492 ἐμαυτῆς
764 425 824 490 δή
855 447 904 477 τι
935 424 1058 491 πρὸς
1089 428 1151 476 σὲ
1179 425 1433 490 βούλομαι

368 510 448 562 καὶ
478 513 655 562 παῖδας
687 511 845 561 εἰπεῖν
877 509 1013 562 σούς·
1061 507 1281 561 ὀπάονας
1311 508 1367 560 δέ
1394 530 1480 573 μοι

365 595 519 662 χωρὶς
551 593 792 645 κέλευσον
821 592 964 644 τῶνδ’
996 593 1275 657 ἀποστῆναι
1306 593 1487 658 δόμων.

242 682 343 730 Πλ.
368 677 581 745 χωρεῖτ’·
630 679 683 729 ἐν
713 678 944 744 ἀσφαλεῖ
971 678 1067 743 γὰρ
1097 675 1173 740 ἥδ’
1205 677 1396 743 ἐρημία.

368 763 494 829 φίλη
525 763 616 827 μὲν
648 760 698 812 εἴ
723 761 801 819 σύ,
835 762 1121 827 προσφιλὲς
1151 759 1206 811 δέ
1235 760 1465 825 μοι’τόδε

369 844 633 913 στράτευμ’
664 844 898 912 Ἀχαιῶν.
984 845 1119 894 ἀλλὰ
1152 844 1413 908 σημαίνειν
1444 846 1504 896 σὲ
1535 847 1679 913 χρῆν·

367 931 419 980 τί
445 928 541 997 χρὴ
571 928 658 980 τὸν
689 928 741 980 εὖ
770 927 1069 994 πράσσοντα
1097 927 1163 992 μὴ
1197 927 1519 994 πράσσουσιν
1549 928 1601 979 εὖ

370 1014 540 1080 φίλοις
570 1014 826 1079 ἐπαρκεῖν,·
876 1011 940 1065 ὣς
971 1011 1167 1076 ἕτοιμός
1198 1010 1293 1076 εἶμ’
1325 1011 1441 1078 ἐγώ.

246 1101 336 1149 Εκ.
369 1102 564 1163 πρῶτον
595 1099 687 1161 μὲν
719 1097 826 1147 εἰπὲ
858 1094 989 1146 παῖδ’
1022 1093 1079 1146 ὃν
1111 1093 1171 1159 ἐξ
1198 1096 1317 1159 ἐμῆς
1347 1093 1495 1161 χερὸς

371 1181 676 1246 Πολύδωρον
709 1180 762 1231 ἔκ
794 1201 848 1230 τε
879 1177 1063 1245 πατρὸς
1095 1180 1149 1230 ἐν
1179 1179 1348 1242 δόμοις
1380 1177 1531 1247 ἔχεις,

371 1266 413 1316 εἰ
447 1265 517 1336 ζῇ·
563 1266 625 1315 τὰ
656 1263 697 1314 δ’
728 1262 863 1314 ἄλλα
892 1261 1122 1328 δεύτερόν
1155 1261 1203 1312 σ’
1235 1260 1492 1328 ἐρήσομαι.

246 1353 346 1400 Πλ.
370 1346 609 1413 μάλιστα·
655 1347 905 1399 τούκείνου
934 1348 1027 1411 μὲν
1058 1345 1279 1414 εὐτυχεῖς
1309 1345 1472 1412 μέρος.

247 1437 335 1484 Εκ.
369 1429 407 1482 ὦ
439 1431 659 1499 φίλταθ’,
694 1431 759 1484 ὣς
789 1432 843 1482 εὗ
874 1429 1053 1495 κᾶξίως
1082 1429 1249 1497 λέγεις
1281 1429 1444 1482 σέθεν.

246 1521 348 1568 Πλ.
374 1517 427 1568 τί
451 1518 574 1580 δῆτα
601 1516 769 1587 βούλῃ
799 1515 1028 1580 δεύτερον
1057 1517 1232 1578 μαθεῖν
1264 1516 1404 1579 ἐμοῦ,·

249 1605 337 1652 Εκ.
371 1601 413 1652 εἷ
441 1603 528 1664 τῆς
558 1599 797 1663 τεκούσης
825 1601 979 1663 τῆσδε
1011 1637 1022 1649 .
1057 1637 1068 1648 .
1103 1637 1114 1649 .
1147 1597 1396 1663 μέμνηταί
1421 1599 1474 1650 τί
1498 1617 1611 1663 μου;

249 1689 350 1736 Πλ.
379 1682 458 1736 καὶ
489 1683 631 1750 δεῦρό
660 1682 705 1750 γ’
738 1683 803 1736 ὡς
835 1684 896 1734 σὲ
928 1682 1134 1749 κρύφιος
1165 1681 1326 1747 ἐζήτει
1354 1687 1547 1747 μολεῖν.

249 1773 338 1820 Εκ.
370 1767 558 1836 χρυσὸς
590 1770 643 1819 δὲ
675 1772 777 1820 σῶς
808 1765 864 1818 ὃν
894 1764 1047 1830 ἦλθεν
1078 1767 1132 1816 ἐκ
1161 1767 1343 1832 Τροίας
1375 1766 1530 1833 ἕχων;

250 1857 351 1904 Πλ.
380 1857 497 1910 σῶς,
532 1853 585 1903 ἐν
616 1852 784 1916 δόμοις
813 1872 872 1918 γε
902 1855 1004 1903 τοῖς
1035 1852 1172 1915 ἐμοῖς
1202 1850 1586 1917 φρουρούμενος.

252 1941 342 1988 Εκ.
376 1935 546 1988 σῶσόν
578 1956 664 1987 νυν
694 1933 843 1987 αὐτὸν
870 1933 983 1999 μηδ’
1014 1933 1101 2001 ἔρα
1130 1939 1228 1986 τῶν
1258 1935 1497 1999 πλησίον.

251 2025 353 2072 Πλ.
382 2019 562 2085 ἥκιστ’·
609 2021 818 2084 ὀναίμην
848 2022 934 2069 τοῦ
964 2018 1224 2085 παρόντος,
1258 2015 1295 2068 ὦ
1326 2018 1486 2085 γύναι.

253 2109 341 2156 Εκ.
379 2103 509 2156 οἶσθ’
540 2103 627 2155 οὖν
656 2104 688 2155 ἃ
716 2102 859 2168 λέξαι
891 2104 978 2154 σοί
1004 2124 1059 2154 τε
1091 2103 1170 2154 καὶ
1201 2102 1376 2154 παισὶν
1407 2100 1538 2153 θέλω
1547 2122 1564 2162 ,·

253 2193 355 2240 Πλ.
381 2188 468 2240 οὐκ
499 2188 624 2240 οἶδα·
671 2193 738 2257 τῷ
773 2192 845 2256 σῷ
878 2191 1023 2238 τοῦτο
1054 2191 1292 2251 σημανεῖς
1321 2188 1492 2255 λόγῳ.

255 2276 346 2324 Εκ.
378 2272 500 2332 ἔστ’,
533 2270 571 2323 ὦ
602 2272 833 2339 φιληθεὶς
865 2271 930 2325 ὦς
962 2271 1025 2322 σὺ
1056 2275 1143 2323 νῦν
1176 2271 1282 2335 ἐμοὶ
1314 2277 1443 2343 φιλῇ
1474 2309 1486 2321 .
1521 2308 1532 2321 .
1565 2312 1577 2324 .

254 2361 356 2408 Πλ.
381 2358 433 2408 τί
458 2356 607 2425 χρῆμ’
638 2355 664 2407 ὃ
697 2357 819 2422 κάμὲ
848 2356 928 2407 καὶ
959 2354 1088 2406 τέκν’
1121 2354 1300 2406 εἰδέναι
1328 2354 1488 2422 χρεών
1497 2374 1514 2414 ,·

255 2445 344 2493 Εκ.
374 2446 566 2509 χρυσοῦ
594 2442 804 2493 παλαιαὶ
834 2443 1124 2507 Πριαμιδῶν
1156 2439 1450 2506 κατώρυχες.

256 2530 356 2577 Πλ.
383 2525 516 2577 ταῦτ’
548 2524 657 2576 ἔσθ’
688 2526 719 2576 ἃ
746 2524 912 2596 βούλῃ
944 2525 1082 2575 παιδὶ
1113 2526 1331 2588 σημῆναι
1361 2522 1533 2582 σέθεν,·

256 2613 345 2661 Εκ.
378 2608 617 2675 μάλιστα,
650 2611 730 2660 διὰ
763 2613 856 2660 σοῦ
885 2607 948 2675 γ’·
997 2608 1045 2660 εἶ
1068 2609 1163 2675 γὰρ
1195 2605 1414 2672 εὐσεβὴς
1444 2604 1581 2672 ἀνήρ,

1832 599 1913 652 980

1833 1017 1911 1070 985

1834 1448 1916 1488 990

1834 1865 1916 1909 995

1813 2284 1919 2316 1000

310 2727 393 2777 982
422 2724 1132 2777 ,ukveTLPzptkv’fm‘t'veYMAB
1298 2723 1380 2773 983
1411 2721 1660 2775 χρῆνΜΒε
1693 2717 1923 2774 χρὴΕΡΑ

260 2780 329 2834 (σὲ
349 2784 414 2822 δεῖ
430 2781 605 2819 Brunck
624 2794 634 2818 z
663 2782 798 2833 χρεών
817 2779 952 2827 Weil)
1159 2780 1240 2828 984
1270 2778 1329 2830 τί]
1355 2780 1406 2818 ὡς
1425 2778 1465 2815 Α
1676 2789 1758 2825 990
1786 2773 1924 2825 λέγεις

259 2834 378 2876 σέθεν
398 2835 433 2874 L
453 2849 463 2874 z
493 2834 613 2876 σέθεν
644 2834 785 2887 λέγεις
807 2834 848 2872 Μ
863 2834 902 2872 Α
917 2833 952 2872 Β
970 2832 1004 2871 Ρ
1169 2844 1251 2882 992
1281 2832 1324 2872 τί
1351 2848 1418 2882 μοι
1450 2831 1588 2870 Bothe
1607 2844 1616 2869 ε
1645 2830 1689 2870 τί
1715 2846 1790 2870 που
1813 2829 1924 2868 Her-

257 2890 459 2929 werden:
498 2902 741 2928 sermonem
772 2888 950 2927 fractum
980 2887 1262 2926 indicavimus
1461 2898 1544 2935 993
1584 2885 1686 2938 δεῦρ’
1717 2884 1739 2924 ὅ
1766 2884 1808 2935 γ’
1840 2883 1873 2921 L
1891 2882 1924 2921 P

257 2946 340 2993 996
367 2941 471 2994 τῶν]
494 2946 565 2984 τοῦ
596 2943 630 2981 Ρ
658 2956 752 2982 curn
786 2943 980 2982 Eustath.
1014 2941 1063 2981 11.
1095 2953 1164 2992 pp.
1197 2952 1266 2990 52,
1294 2953 1384 2992 792,
1414 2952 1528 2989 1312.
1590 2944 1674 2979 τῶν
1701 2940 1774 2979 τοῦ
1799 2936 1924 2978 πέλας

258 2997 376 3037 Weil
540 2998 623 3047 998
652 2996 721 3037 οὖν
741 3009 822 3035 orn.
849 2996 883 3035 L
1053 3009 1159 3034 1000
1188 2996 1294 3035 ἔστω
1316 2995 1465 3035 codd.:
1497 3005 1606 3033 corr.
1633 2992 1857 3031 Hermann
