2118 3366
933 146 1195 196 EKABH

366 274 446 325 ἐπὶ
477 275 581 340 δορὶ
613 274 692 326 καὶ
723 275 860 344 φόνῳ
894 275 973 326 καὶ
1005 277 1136 340 ε’μῶν
1163 275 1427 343 μελάθρων
1456 279 1621 348 λώβᾳ·
1733 275 1904 350 [ἐπῳδ.

366 355 534 408 στένει
562 360 616 409 δὲ
647 358 731 409 καί
756 379 831 411 τις
860 359 990 426 ἀμφὶ
1020 358 1106 410 τὸν
1138 360 1310 427 εὕροον
1342 361 1577 426 Εὐρώταν
1819 369 1903 420 650

364 438 591 492 Λάκαινα
621 441 987 508 πολυδάκρυτος
1017 444 1072 494 ἐν
1103 444 1271 508 δόμοις
1304 445 1438 510 κόρα,

528 523 711 576 πολιάν
738 525 781 576 τ’
813 527 894 578 ἐπὶ
928 530 1081 591 κρᾶτα
1108 526 1270 594 μάτηρ

613 607 798 661 τέκνων
830 610 1083 661 θανόντων

444 691 667 743 Ττίθεται
698 691 824 760 χέρα
856 693 1120 759 δρύπτεται
1150 691 1410 760 παρειάνῤ·
1823 701 1902 752 655

402 838 404 840 v
446 775 641 839 δίαιμον
670 777 828 843 ὄνυχα
856 775 1088 840 τιθεμένα
1118 783 1449 844 σπαραγμοῖς.

234 880 627 918 θΕΡΑΠΑῙΝΑ

359 960 603 1022 γυναῖκες,
636 955 833 1023 Ἑκάβη
863 963 960 1010 ποῦ
989 958 1101 1010 ποθ’
1133 959 1162 1023 ἡ
1194 961 1459 1019 παναθλία,

358 1039 391 1104 ἡ
419 1038 584 1092 πάντα
611 1041 784 1093 νικῶσ’
815 1041 970 1107 ἄνδρα
998 1043 1080 1094 καὶ
1111 1046 1268 1107 θῆλυν
1299 1046 1494 1110 σπορὰν

361 1128 609 1184 κακοῖσιν;
650 1122 816 1178 ὀὐδεὶς
844 1124 1100 1192 στέφανον
1129 1127 1499 1194 ἀνθαιρήσεται.
1822 1135 1904 1175 660

233 1210 326 1257 Xo.
357 1208 408 1258 τί
435 1206 492 1266 δ’,
527 1206 565 1259 ὦ
593 1207 807 1260 τάλαινα
838 1212 931 1273 σῆς
963 1211 1324 1278 κακογλώσσου
1354 1215 1506 1277 βοῆς,·

359 1291 423 1344 ὡς
454 1291 626 1343 οὔποθ’
657 1294 786 1343 εὕδει
814 1292 980 1359 λυπρά
1012 1316 1106 1345 σου
1136 1296 1436 1362 κηρύγματα.

234 1378 326 1426 Θε.
357 1373 553 1447 Ἑκάβῃ
586 1374 721 1442 φέρω
752 1376 853 1428 τόδ’
887 1377 1056 1445 ἄλγος·
1105 1380 1159 1429 ἐν
1191 1385 1388 1437 κακοῖσι
1419 1382 1472 1431 δὲ

357 1457 415 1509 οὗ
441 1456 611 1528 ῥᾴδιον
641 1464 904 1526 βροτοῖσιν
935 1462 1176 1528 εὐφημεῖν
1208 1463 1386 1528 στόμα.

230 1546 321 1593 Xo.
356 1542 435 1593 καὶ
465 1541 562 1606 μὴν
591 1549 793 1609 περῶσα
823 1544 1061 1612 τυγχάνει
1091 1547 1256 1612 δόμων
1284 1549 1407 1614 ὕπερ
1819 1555 1896 1606 665

355 1625 447 1690 ἥδ’,
482 1628 534 1680 ἐς
562 1629 615 1679 δὲ
647 1628 816 1694 καιρὸν
847 1634 988 1680 σοῖσι
1017 1632 1251 1696 φαίνεται
1278 1632 1468 1698 λόγοις.

231 1713 322 1762 Θε.
357 1707 395 1760 ὦ
426 1710 740 1763 παντάλαινα
770 1711 878 1763 κᾶτι
905 1717 1103 1777 μᾶλλον
1133 1710 1163 1778 ἢ
1193 1714 1345 1782 λέγω,

355 1793 595 1855 δέσποιν’,
629 1797 826 1849 ὄλωλας
856 1796 1040 1848 κούκέτ’
1073 1799 1131 1857 εἳ,
1163 1798 1432 1864 βλέπουσα
1463 1805 1586 1867 φῶς,

353 1877 501 1933 ἄπαις
530 1879 769 1947 ἄνανδρος
801 1879 981 1935 ἄπολις
1010 1880 1369 1950 ἐξεφθαρμένη.

228 1966 316 2015 Εκ.
350 1963 406 2014 οὐ
437 1963 606 2016 καινὸν
637 1964 793 2024 εἶπας,
828 1967 1017 2017 εἰδόσιν
1047 1967 1089 2018 δ’
1121 1967 1397 2021 ὠνείδισας.
1812 1975 1895 2026 670

354 2049 477 2114 ἆτᾶρ
507 2050 561 2100 τί
583 2048 758 2115 νεκρὸν
787 2050 932 2101 τόνδε
959 2072 1043 2115 μοι
1075 2050 1365 2116 Πολυξένης

352 2132 484 2196 ἥκεις
518 2133 784 2198 κομίζουσ’,
817 2134 876 2199 ἧς
906 2134 1199 2201 ἀπηγγέλθη
1230 2134 1392 2203 τάφος

353 2215 552 2268 πάντων
583 2217 802 2286 Ἀχαιῶν
833 2220 913 2269 διὰ
942 2218 1092 2286 χερὸς
1123 2219 1346 2283 σπουδὴν
1377 2220 1537 2289 ἔχειν;

229 2303 320 2352 Θε.
351 2300 429 2365 ἥδ’
459 2301 601 2353 οὐδὲν
631 2301 779 2361 οἶδεν,
813 2301 948 2354 ἀλλά
977 2324 1062 2368 μοι
1091 2302 1387 2368 Πολυξένην

352 2388 534 2451 θρηνεῖ,
568 2384 694 2438 νέων
725 2389 778 2438 δὲ
807 2385 1047 2452 πημάτων
1077 2387 1172 2456 οὐχ
1202 2386 1424 2440 ἅπτεται.
1813 2394 1892 2445 675

229 2472 316 2521 Εκ.
347 2468 395 2521 οἲ
422 2469 513 2537 ’γὼ
542 2468 771 2522 τάλαινα·
816 2476 922 2536 μῶν
952 2470 1009 2521 τὸ
1038 2476 1283 2539 βακχεῖον
1315 2471 1437 2538 κάρα

351 2556 439 2617 τῆς
470 2557 748 2623 θεσπιῳδοῦ
778 2557 918 2620 δεῦρο
950 2554 1246 2622 Κασάνδρας
1277 2555 1471 2623 φέρεις,·

280 2669 361 2718 65ο
408 2672 569 2722 εὔρρουν
607 2676 650 2708 et
689 2673 826 2723 εὔρουν
864 2671 1014 2711 codd.:
1065 2684 1171 2711 corr.
1212 2672 1437 2710 Hermann
1617 2675 1696 2721 653
1745 2673 1894 2713 πολιὰν

225 2721 310 2761 VL
339 2728 383 2762 et
410 2724 510 2767 EV:
556 2726 701 2766 πολιὸν
736 2724 934 2763 ΜΑΒΡ
1111 2724 1167 2777 τ’]
1206 2727 1241 2766 δ’
1276 2727 1412 2764 VLP
1588 2726 1722 2779 μήτηρ
1757 2727 1894 2766 BVL

225 2777 306 2827 655
332 2778 409 2819 τίθ.
425 2777 492 2831 χέ.
509 2779 684 2818 seclusit
697 2779 990 2819 Wilamowitz
1008 2780 1071 2830 (et
1092 2784 1247 2831 δίαιμον
1264 2811 1275 2821 .
1289 2811 1299 2821 .
1323 2812 1330 2820 .
1350 2784 1602 2834 σπαραγμοῖς
1622 2787 1722 2819 ante
1738 2781 1894 2823 τέκνων

226 2832 384 2884 traicit)
504 2840 601 2883 post
621 2833 837 2887 δρύπτεται
858 2834 954 2873 add.
977 2851 1025 2875 τε
1038 2834 1078 2873 Α
1097 2835 1151 2874 P:
1181 2834 1276 2875 δὲν
1465 2836 1548 2884 656
1575 2851 1640 2889 γρ.
1662 2835 1826 2885 δίδυμον
1842 2836 1890 2874 Βι

225 2887 306 2936 665
334 2888 432 2940 ὕπερ
454 2887 495 2925 Μ
509 2887 550 2926 Α
566 2888 626 2928 L:
658 2889 733 2929 ὕπο
749 2887 801 2926 B²
820 2887 862 2926 in
882 2901 989 2928 ras.:
1023 2890 1099 2930 ἄπο
1114 2889 1154 2927 V
1170 2888 1214 2928 P.
1276 2889 1340 2928 Cf.
1356 2903 1395 2929 V.
1414 2901 1467 2938 53
1631 2891 1714 2928 666
1742 2889 1788 2930 δὲ
1809 2903 1893 2930 om.

228 2939 270 2978 M
292 2954 302 2979 :
351 2947 450 2991 post
498 2943 636 2995 καιρὸν
673 2948 839 2993 ponunt
876 2943 915 2981 A
930 2942 964 2981 L
1202 2944 1284 2981 668
1322 2942 1454 2984 οὐκέτ’
1497 2944 1531 2982 L
1545 2942 1595 2981 B²
1634 2943 1810 2993 (κούκέτ’
1839 2948 1890 2996 Σ)

225 2996 304 3044 671
333 2996 436 3048 ἀτὰρ
456 2996 518 3043 τίς
547 3001 579 3039 Σ
707 2999 787 3046 672
819 2996 1040 3050 ἀπηγγέλη
1060 2997 1101 3036 Α
1228 2999 1310 3046 673
1341 2998 1450 3049 ἔχων
1467 2997 1506 3036 V
1631 2999 1713 3048 677
1744 2999 1891 3040 κασάν·

228 3052 321 3098 δρας
340 3049 381 3088 Α
395 3050 454 3089 L:
486 3065 608 3091 κασσ.
634 3051 724 3090 rell.
