2118 3366
804 117 1272 168 ΙΠΠΟΛΎΤΟΣ

327 250 520 319 μεθεῖσ’
551 250 628 303 ἐπ’
659 249 819 302 ἄλλον
852 249 952 315 εἶμι
980 249 1169 314 βελτίω
1199 248 1371 314 λόγον.

330 338 403 389 κεί
431 338 523 401 μὲν
552 338 720 388 νοσεῖς
750 354 800 385 τι
828 337 926 384 τῶν
956 330 1250 399 ἀπορρήτων
1282 334 1458 390 κακῶν,

328 425 558 487 γυναῖκες
588 419 696 471 αἵδε
727 415 1125 485 συγκαθιστάναι
1156 416 1326 468 νόσον·

329 506 373 556 εἰ
403 502 445 554 δ’
478 502 692 570 ἔκφορός
723 522 809 553 σοι
842 502 1080 568 συμφορὰ
1110 499 1232 566 πρὸς
1261 498 1490 566 ἄρσενας,
1797 512 1872 553 295

327 586 455 655 λέγ’,
492 586 558 640 ὦς
589 587 775 653 ἰατροῖς
809 589 1013 653 πρᾶγμα
1041 586 1233 656 μηνυθῇ
1262 584 1391 635 τόδε.

415 670 531 724 εἶὲν·
578 671 632 722 τί
661 671 835 740 «rafigis,-
883 669 971 721 οὐκ
1003 670 1156 737 ἐχρῆν
1187 671 1355 735 σιγᾶν,
1387 664 1577 725 τέκνον,

329 754 446 808 ἀλλ’
477 753 510 820 ἥ
540 753 589 820 μ’
624 753 876 822 ἐλέγχειν,
910 754 958 806 εἴ
982 774 1031 804 τι
1058 752 1124 818 μὴ
1158 756 1320 806 καλῶς
1349 751 1501 817 λέγω,

330 834 362 905 ἢ
392 844 556 892 τοῖσιν
588 838 641 891 εὖ
672 841 905 906 λεχθεῖσι
936 840 1216 906 συγχωρεῖν
1244 836 1433 903 λόγοις.
1528 818 1531 831 ¹

415 920 633 990 φθέγξαι
666 944 730 982 τι,
764 921 889 989 δεῦρ’
922 918 1274 988 ἄθρησον.·--ὦ
1306 917 1499 971 τάλαιν’
1532 917 1647 986 ἐγώ,
1794 933 1875 974 300

331 1012 576 1075 γυναῖκες,
609 1006 780 1060 ἄλλως
810 1007 993 1058 τούσδε
1020 1008 1306 1073 μοχθοῦμεν
1336 1004 1531 1063 πόνους,

331 1092 447 1143 ἴσον
478 1090 519 1142 δ’
551 1089 779 1156 ἅπεσμεν
811 1095 878 1160 τῷ
911 1090 1040 1157 πρίν·
1089 1089 1201 1141 οὔτε
1230 1090 1324 1156 γὰρ
1354 1087 1466 1139 τότε

330 1175 506 1243 λόγοις
539 1173 761 1242 ἐτέγγεθ’
793 1174 882 1239 ἥδε
914 1178 1000 1226 νῦν
1029 1172 1071 1225 τ’
1104 1173 1160 1224 οὐ
1189 1170 1501 1225 πείθεται.-

416 1258 533 1312 ἀλλ’
564 1260 677 1311 ἴσθι
708 1257 1075 1325 μέντοι-πρὸς
1107 1256 1209 1308 τάδ’
1241 1254 1578 1322 αὐθαδεστέρα

331 1344 506 1411 γίγνου
538 1342 925 1408 θαλάσσης-εἷ
956 1344 1095 1414 θανῇ,
1128 1344 1382 1407 προδοῦσα
1413 1339 1533 1394 σοὺς
1796 1355 1876 1396 305

334 1430 513 1481 παῖδας
544 1424 783 1497 πατρῴων
812 1425 877 1492 μὴ
910 1425 1209 1492 μεθέξοντας
1240 1425 1419 1490 δόμων,

330 1513 400 1577 μὰ
431 1510 522 1576 τὴν
554 1510 788 1563 ἄνασσαν
820 1511 994 1563 ἱππίαν
1024 1509 1289 1575 Ἀμαζόνα,

330 1592 361 1660 ἢ
394 1600 506 1649 σοῖς
538 1594 761 1647 τέκνοισι
791 1595 1041 1658 δεσπότην
1073 1595 1299 1661 ἐγείνατο

329 1679 480 1731 νόθον
515 1684 797 1746 φρονοῦντα
827 1676 1009 1746 γνήσι’,
1043 1676 1191 1730 οἶσθά
1222 1698 1298 1730 νιν
1331 1681 1509 1736 καλῶς,

329 1761 629 1816 Ἱππόλυτον

624 1851 721 1899 Φα.
810 1849 957 1913 οἴμοι.

961 1934 1050 1998 Τρ.
1141 1928 1369 1997 θιγγάνει
1399 1927 1548 1981 σέθεν
1578 1928 1712 1988 τόδε,·
1797 1941 1876 1981 3¹0

205 2019 301 2069 Φα.
327 2014 599 2068 ἀπώλεσάς
628 2037 706 2081 με,
739 2020 876 2081 μαῖα,
913 2016 997 2067 καί
1023 2035 1083 2066 σε
1113 2013 1235 2080 πρὸς
1265 2017 1391 2066 θεῶν

328 2100 457 2152 τοῦδ’
489 2099 666 2166 ἀνδρὸς
697 2099 835 2153 αὖθις
866 2100 1112 2164 λίσσομαι
1144 2101 1293 2165 σιγᾶν
1324 2096 1451 2165 πέρι.

203 2186 292 2252 Τρ.
330 2185 470 2255 ὁρᾷς,·
519 2189 722 2252 φρονεῖς
751 2185 843 2249 μὲν
876 2183 943 2242 εὖ,
979 2186 1239 2249 φρονοῦσα
1268 2181 1308 2232 δ’
1340 2181 1395 2233 οὐ
1427 2179 1590 2235 θέλεις

330 2267 507 2321 παῖδάς
537 2267 579 2319 τ’
609 2269 790 2332 ὀνῆσαι
820 2266 899 2318 καὶ
932 2265 1026 2318 σὸν
1058 2268 1282 2318 ἐκσῶσαι
1311 2266 1444 2331 βίον.

259 2393 339 2432 294
370 2378 689 2434 συγκαθιστάναι
721 2377 868 2418 M2Pv
895 2384 956 2428 et,
986 2385 1032 2419 ut
1061 2379 1143 2418 vid.
1180 2380 1221 2418 K
1255 2379 1485 2432 (συγκαθισ.
1518 2381 1612 2420 sine
1643 2383 1869 2431 accentu):

206 2439 530 2488 συγκαθεστᾶναι
563 2433 694 2475 VB²:
742 2434 1088 2486 συγκαθίστανται
1125 2434 1401 2475 MALDO:
1447 2435 1797 2489 συγκαθέστανται
1833 2436 1867 2475 Β

207 2489 302 2542 (sut.
349 2489 475 2530 indic.
518 2490 568 2541 Σ)
775 2487 915 2539 νόσον]
957 2505 1003 2529 ον
1040 2488 1083 2527 in
1122 2501 1203 2528 ras.
1245 2490 1280 2528 L
1533 2492 1614 2542 296
1658 2491 1779 2544 ἰατρῶ
1818 2490 1867 2540 L,

203 2557 417 2596 suprascr.
452 2563 510 2587 οις
541 2545 592 2585 L²
754 2549 908 2597 μηνυθῆ
940 2551 1039 2586 mut.
1073 2546 1115 2584 in
1147 2546 1312 2597 μηνύσω
1340 2545 1393 2585 V¹
1615 2560 1693 2597 297
1729 2548 1872 2599 σιγᾶν]

204 2614 254 2640 σε
275 2603 399 2653 σιγᾶν
416 2600 457 2640 V
475 2614 485 2640 :
521 2603 629 2653 χρῆν
649 2617 698 2642 σε
718 2602 774 2652 μὴ
796 2616 836 2642 σ.
858 2614 884 2639 v
1050 2602 1131 2651 298
1173 2601 1226 2653 εἴ]
1249 2602 1299 2650 ἢν
1318 2602 1363 2639 in
1384 2614 1465 2640 ras.
1493 2600 1543 2639 L²
1707 2615 1787 2651 302
1818 2607 1873 2654 τῷ

203 2654 297 2708 πρίν
336 2654 425 2698 ΚΣ
467 2654 573 2706 (τοῖς
615 2658 709 2709 πρὶν
753 2656 945 2708 ῥήμασιν,
987 2656 1101 2695 unde
1150 2659 1237 2697 τοῖς
1283 2668 1492 2706 suprascr.
1535 2656 1610 2708 b):
1656 2661 1738 2697 τῶν
1781 2657 1873 2708 πρίν

203 2709 323 2749 codd.
547 2722 628 2759 303
658 2723 725 2749 νν.
760 2710 800 2748 ll.
837 2710 879 2748 in
910 2715 941 2752 Σ
973 2710 1140 2751 ἐπείθεθ’
1176 2709 1335 2760 (nullus
1365 2710 1508 2758 liber),
1542 2709 1723 2761 ἐθέλγεθ’
1754 2710 1808 2761 (V
1823 2711 1873 2748 L‘2

204 2761 338 2816 PB²),
371 2762 557 2817 ἐτέγγεθ’
590 2763 816 2817 (ΚΜΑΒ
852 2770 895 2803 et
928 2781 991 2817 γρ.
1028 2763 1097 2815 L²)
1249 2768 1320 2807 νῦν
1354 2766 1387 2806 δ’
1418 2765 1516 2804 ΚΜ
1555 2765 1627 2814 (de
1659 2766 1700 2806 A
1735 2765 1871 2803 incer-

204 2818 313 2871 tum)
533 2830 613 2868 305
642 2819 765 2872 γίγνῃ
796 2816 845 2855 L²
1065 2830 1147 2866 310
1177 2821 1208 2857 θ.
1234 2818 1321 2857 τόδ’
1344 2817 1392 2858 αὖ
1422 2817 1540 2859 σέθεν
1567 2818 1602 2858 Ρ
1628 2819 1704 2868 (lor.
1739 2832 1871 2869 usque

201 2870 448 2980 {lgfiong’ss‘liy
476 2871 621 2926 litura)
844 2884 924 2922 312
953 2871 1064 2912 τοῦδ’
1095 2870 1202 2913 αὖθις
1231 2872 1371 2925 ἀνδρὸς
1399 2871 1440 2911 Α
1607 2872 1694 2915 αὖθι
1722 2873 1820 2913 ΚΜ
1837 2874 1870 2913 Ρ
