2118 3366
795 104 1195 153 ΑΛΚΗΣΤΙΣ

295 235 380 286 καί
401 233 452 300 μ’
482 233 570 285 οὐκ
598 232 765 285 ἄπαιδ’
796 234 972 298 ἔθηκεν
1004 233 1104 284 οὐδ’
1137 235 1278 284 εἴασε
1308 237 1403 285 σοῦ

291 315 530 384 στερέντα
557 316 686 385 γήρᾳ
716 312 937 386 πενθίμῳ
971 318 1307 383 καταφθίνειν,

291 400 478 454 πάσαις
507 401 550 452 δ’
581 401 756 465 ἔθηκεν
788 400 1142 466 εὐκλεέστερον
1169 400 1289 465 βίον

293 476 530 551 γυναιξίν,
565 485 712 550 ἔργον
742 487 911 535 τλᾶσα
940 488 1169 550 γενναῖον
1198 484 1328 535 τόδε.

293 565 331 618 ὦ
361 569 503 619 τόνδε
531 571 623 632 μὲν
654 567 872 626 σώσασ’,
908 566 1241 631 ἀναστήσασα
1272 570 1326 619 δὲ
1751 573 1833 625 625

291 652 420 716 ἡμᾶς
447 653 726 710 πίτνοντας,
760 657 921 719 χαῖρε,
956 653 1045 702 κᾶν
1066 650 1242 703 “Αιδου
1273 652 1440 716 δόμοις

293 735 346 787 εὖ
377 756 459 786 σοι
489 734 724 802 γένοιτο.“
792 737 919 803 φημὶ
948 736 1198 789 τοιούτους
1227 735 1415 802 γάμους

291 818 430 871 λύειν
458 824 740 887 βροτοῖσιν,
774 815 804 883 ἢ
834 824 1011 886 γαμεῖν
1041 819 1127 870 οὐκ
1157 817 1311 882 ἄξιον.

167 905 255 954 Ab.
297 901 398 953 οὔτ’
428 902 579 967 ἦλθες
608 905 659 956 ἐς
691 903 825 955 τόνδ’
857 903 917 968 ἐξ
943 906 1061 968 ἐμοῦ
1094 904 1292 968 κληθεὶς
1323 903 1503 970 τάφον,

292 986 392 1037 οὔτ’
424 988 478 1038 ἐν
510 987 712 1054 φίλοισι
744 987 842 1051 σὴν
871 989 1150 1054 παρουσίαν
1179 987 1330 1054 λέγω.
1757 991 1836 1042 630

292 1070 478 1134 κόσμον
509 1072 562 1121 δὲ
591 1069 677 1124 τὸν
712 1071 807 1122 σὸν
838 1071 1006 1122 οὔποθ’
1036 1071 1112 1136 ἥδ’
1144 1072 1418 1123 ἐνδύσεται.

291 1153 347 1203 οὗ
375 1152 472 1220 γάρ
501 1175 549 1205 τι
578 1159 677 1206 τῶν
711 1160 817 1206 σῶν
847 1155 1016 1219 ἐνδεὴς
1047 1154 1346 1222 ταφήσεται.

291 1237 404 1289 τότε
433 1235 701 1304 ξυναλγεῖν
733 1242 861 1306 χρῆν
893 1239 941 1289 σ’
972 1239 1041 1290 ὅτ’
1074 1240 1310 1304 ὠλλύμην
1341 1239 1456 1305 ἐγώ.

292 1320 356 1372 σὺ
388 1320 429 1372 δ’
460 1322 681 1373 ἐκποδὼν
715 1325 839 1376 στὰς
873 1323 950 1373 καὶ
980 1324 1153 1389 παρεὶς
1183 1323 1323 1392 ἄλλῳ
1357 1327 1524 1375 θανεῖν

292 1404 386 1474 νέῳ
416 1404 574 1471 γέρων
607 1406 690 1464 ὥν,
726 1406 859 1457 τόνδ’
893 1406 1149 1478 ἇποιμώξῃ
1181 1409 1379 1473 νεκρόν;
1756 1411 1833 1461 635

290 1488 377 1539 οὐκ
409 1488 523 1553 ἧσθ’
553 1488 628 1555 ἄρ’
661 1491 818 1556 ὀρθῶς
847 1495 993 1542 τοῦδε
1023 1492 1252 1556 σώματος
1281 1490 1465 1557 πατήρ;

291 1571 393 1623 οὐδ’
422 1572 453 1637 ἡ
484 1577 643 1625 τεκεῖν
675 1573 950 1640 φάσκουσα
981 1575 1059 1625 καὶ
1091 1575 1362 1640 κεκλημένη

289 1655 449 1723 μήτηρ
478 1656 529 1722 μ’
560 1658 743 1717 ἔτικτε,·
792 1660 989 1710 δουλίου
1021 1659 1061 1709 δ’
1093 1659 1180 1726 ἀφ’
1211 1661 1416 1724 αἵματος

289 1745 463 1810 μαστῷ
495 1741 727 1807 γυναικὸς
759 1745 852 1806 σῆς
881 1742 1176 1808 ὑπεβλήθην
1206 1743 1392 1812 λάθρᾳς

293 1823 584 1889 ἔδειξαςεῖς
615 1825 831 1893 ἔλεγχον
864 1825 1081 1890 ἐξελθὼν
1114 1826 1167 1880 ὃς
1197 1828 1255 1885 εῖ,
1752 1832 1835 1881 640

291 1909 376 1960 καί
400 1907 452 1973 μ’
482 1909 538 1961 οὗ
568 1910 748 1974 νομίζω
780 1915 934 1962 παῖδα
966 1911 1059 1963 σὸν
1089 1911 1378 1978 πεφυκέναι.

288 1989 321 2055 ἧ
348 1990 472 2060 τᾶρα
500 1991 701 2045 πάντων
731 1993 1019 2061 διαπρέπεις
1049 1996 1258 2064 ἀψυχίᾳ,

290 2074 344 2128 ὃς
373 2076 629 2141 τηλικόσδ’
661 2076 730 2129 ὢν
760 2079 879 2130 κάπὶ
910 2078 1046 2146 τέρμ’
1076 2080 1208 2143 ἥκων
1238 2081 1356 2144 βίου

289 2159 375 2211 οὐκ
405 2160 661 2226 ἠθέλησας
690 2162 793 2212 οὐδ’
827 2164 1115 2227 ἐτόλμησας
1145 2166 1312 2214 θανεῖν

288 2249 375 2295 τοῦ
406 2249 499 2296 σοῦ
529 2245 624 2312 πρὸ
654 2247 845 2305 παιδός,
881 2249 1015 2298 ἀλλὰ
1045 2246 1177 2311 τήνδ’
1210 2247 1413 2298 εἰάσατε
1753 2251 1831 2301 645

287 2328 476 2395 γυναῖκ’
509 2331 723 2389 ὀθνείαν,
758 2328 819 2394 ἢν
853 2331 951 2397 ἐγὼ
985 2332 1063 2382 καὶ
1092 2331 1280 2398 μητέρα

287 2412 476 2480 πατέρα
505 2413 562 2465 τέ
590 2413 638 2480 γ’
670 2414 872 2468 ἐνδίκως
904 2414 965 2466 ἂν
995 2416 1207 2482 ἡγοίμην
1236 2417 1408 2481 μόνην.

215 2530 295 2579 623
340 2529 633 2583 εὐκλεέστερον
666 2531 734 2569 V:
779 2531 1078 2572 εὐκλεέστατον
1115 2531 1252 2570 LPB
1474 2533 1555 2580 625
1598 2530 1717 2572 τόνδε
1755 2530 1832 2581 μὲν

158 2581 200 2622 V
216 2583 281 2624 B:
323 2584 434 2626 τόνδ’
475 2586 572 2636 ἐμὸν
612 2586 646 2624 L
665 2586 710 2632 P,
753 2586 934 2624 fortasse
974 2593 1093 2624 recte
1318 2588 1393 2635 631
1439 2588 1513 2626 τὸν
1552 2585 1644 2636 σὺν]
1685 2588 1832 2626 τοῦτον

162 2637 287 2677 Earle
421 2641 503 2689 632
531 2640 673 2678 Verba
693 2644 775 2681 τῶν
797 2644 880 2681 σῶν
903 2641 1071 2679 Prinzio
1094 2647 1306 2690 suspecta,
1330 2647 1446 2679 totus
1465 2653 1616 2678 versus
1639 2640 1830 2679 Nauckio

159 2694 241 2742 635
271 2694 473 2748 ἆποιμῶξῃ
489 2694 694 2734 Matthiae
715 2710 724 2734 ε
754 2696 989 2746 ὄπι-οιμώξεις
1008 2696 1042 2733 L
1057 2695 1091 2733 P
1107 2711 1116 2735 τ
1147 2695 1350 2748 ἆποιμώζῃ
1366 2695 1401 2733 Β
1414 2695 1452 2732 O
1465 2695 1527 2732 D:
1548 2694 1831 2744 ἄποιμώζειςν

158 2749 346 2797 636-641
390 2750 641 2799 proscripsit
667 2762 816 2788 omnes
844 2750 1103 2800 Badhamus‚
1130 2764 1260 2789 unum
1286 2752 1363 2799 641
1393 2749 1712 2788 Wilamowitz:
1751 2763 1830 2788 nos

160 2802 283 2851 signa
321 2803 667 2853 interrogationis
700 2806 919 2854 posuimus
1121 2807 1202 2854 643
1245 2806 1413 2853 τηλίκος
1450 2805 1482 2842 L
1501 2819 1510 2843 :
1550 2805 1588 2845 τ’
1623 2805 1764 2854 ἡλίκος
1797 2803 1830 2841 Ρ

159 2858 244 2948 {4172
259 2857 424 2952 ἔατὲρῖ
438 2857 548 2950 ‘riis
566 2858 600 2896 L
614 2858 647 2896 P
666 2872 676 2897 ε
705 2859 859 2912 πατέρα
879 2860 917 2899 τ’
934 2859 974 2898 V
989 2859 1024 2898 B
1045 2874 1054 2899 :
1084 2861 1149 2901 καὶ
1169 2859 1309 2913 πατέρ’
1325 2860 1373 2900 ἂν
1390 2859 1578 2909 Blaydes
1702 2859 1830 2911 μόνην

313 2924 323 2949 ε
371 2929 402 2961 μ,
427 2928 450 2953 ν
