2118 3366
880 135 1315 184 ΕΥΡΙΠΙΔΟΥ

259 265 349 315 Αν.
381 262 654 329 ἀπωλόμην
681 262 774 331 ἄρ’.
863 262 901 316 ὦ
930 263 1120 324 τέκνον,
1153 265 1386 317 κτενοῦσί
1409 287 1473 318 σε

384 347 554 398 δισσοὶ
582 347 833 411 λαβόντες
863 352 1032 414 γῦπες·
1077 348 1104 398 ὁ
1133 351 1188 400 δὲ
1218 347 1518 414 κεκλημένος
1871 366 1924 408 75

385 429 544 497 πατὴρ
575 429 642 481 ἔτ’
673 432 728 482 ἐν
759 435 1018 498 Δελφοῖσι
1044 429 1282 500 τυγχάνει
1308 431 1488 498 μένων.

259 516 349 565 Θε.
386 517 512 564 δοκῶ
542 515 636 581 γὰρ
667 513 754 565 οὐκ
783 513 846 566 ἂν
875 513 973 566 ὧδέ
1001 514 1050 566 σ’
1080 515 1143 566 ἂν
1172 513 1419 582 πράσσειν
1451 521 1608 570 κακῶς

384 598 546 649 κείνου
574 597 835 664 παρόντος·
881 603 969 650 νῦν
998 598 1041 649 δ’
1073 597 1253 665 ἔρημος
1282 599 1333 652 εἴ
1355 601 1537 668 φίλων.

256 683 346 732 Αν.
378 679 480 733 οὐδ’
510 680 639 747 ἀμφὶ
669 680 883 746 Πηλέως
913 681 1083 746 ἦλθεν,
1117 682 1182 736 ὡς
1210 682 1337 748 ἥξοι,
1370 681 1543 751 φάτις,·

257 767 347 816 Θε.
380 762 542 831 γέρων
573 766 760 818 ἐκεῖνος
789 766 923 818 ὥστε
953 765 1003 816 σ’
1034 765 1254 833 ὠφελεῖν
1283 768 1469 834 παρών.
1868 776 1924 814 80

255 851 344 900 Αν.
380 848 458 899 καὶ
486 847 584 914 μὴν
615 848 803 916 ἔπεμψ’
834 848 912 901 ἐπ’
943 849 1092 901 αὐτὸν
1122 850 1216 918 οὐχ
1246 850 1394 916 ἅπαξ
1406 852 1578 917 μόνον.

257 935 347 984 Θε.
379 936 485 997 μῶν
515 932 601 984 οὖν
631 936 793 986 δοκεῖς
824 955 919 986 σου
949 935 1221 1001 φροντίσαι
1247 934 1340 986 τιν’
1370 934 1626 1002 ἀγγέλων,·

254 1019 343 1067 Αν.
377 1015 555 1076 πόθεν,·
604 1015 767 1070 θέλεις
797 1017 884 1069 οὖν
912 1017 1130 1084 ἄγγελος
1160 1018 1226 1069 σύ
1252 1039 1337 1081 μοι
1363 1023 1562 1084 μολεῖν,·

255 1102 346 1152 Θε.
379 1099 432 1152 τί
457 1103 580 1165 δῆτα
612 1100 762 1168 φήσω
793 1101 997 1168 χρόνιος
1025 1100 1136 1153 οὖσ’
1168 1103 1223 1153 ἐκ
1253 1099 1513 1167 δωμάτων,·

253 1186 342 1235 Αν.
375 1186 571 1238 πολλὰς
601 1183 663 1236 ἂν
694 1186 853 1253 εὕροις
880 1182 1124 1254 μηχανάς·
1170 1185 1292 1253 γυνὴ
1323 1187 1418 1253 γὰρ
1450 1186 1509 1238 εἶ.
1869 1194 1920 1243 85

254 1271 347 1320 Θε.
381 1268 619 1322 κίνδυνος·
664 1267 903 1336 Ἑρμιόνη
934 1271 1030 1337 γὰρ
1059 1269 1117 1321 οὗ
1146 1268 1358 1336 σμικρὸν
1386 1267 1578 1337 φύλαξ.

251 1355 341 1406 Αν.
375 1351 514 1423 ὁρᾷς,·
563 1354 784 1423 ἀπαυδᾷς
815 1355 870 1405 ἐν
903 1358 1067 1407 κακοῖς
1099 1355 1299 1421 φίλοισι
1329 1357 1456 1407 σοῖς.

253 1439 345 1488 Θε.
378 1435 436 1488 οὗ
466 1440 604 1501 δῆτα·
649 1439 803 1503 μηδεν
831 1437 960 1488 τοῦτ’
989 1437 1238 1509 ὀνειδίσῃς
1268 1439 1393 1503 ἐμοί.

378 1520 494 1573 ἀλλ’
526 1520 638 1587 εἶμ’,
673 1522 785 1573 ἐπεί
810 1542 888 1573 τοι
918 1521 1006 1573 κού
1035 1524 1372 1625 περίβλεπτος
1398 1522 1515 1588 βίος

376 1605 557 1670 δούλης
586 1606 830 1672 γυναικός,
864 1627 926 1670 ην
955 1626 1003 1657 τι
1035 1605 1115 1658 καὶ
1140 1603 1281 1658 πάθω
1313 1607 1480 1657 κακόν.
1868 1623 1921 1664 90

251 1692 341 1740 Αν.
373 1690 527 1757 χώρει
556 1711 660 1742 νυν·
705 1690 845 1755 ἡμεῖς
876 1689 935 1749 δ’,
967 1691 1145 1756 οἵσπερ
1176 1688 1460 1757 ε’γκείμεσθ’
1490 1689 1567 1742 ἀεὶ

377 1771 606 1840 θρήνοισι
636 1774 717 1826 καὶ
745 1774 916 1841 γόοισι
945 1774 1025 1826 καὶ
1053 1774 1347 1842 δακρύμασι,

375 1856 498 1923 πρὸς
528 1856 683 1924 αἰθέρ’
713 1859 1021 1924 ἐκτενοΰμεν·
1070 1857 1326 1926 ἐμπέφυκε
1353 1860 1449 1926 γὰρ

375 1940 570 2007 γυναιξὶ
599 1941 777 2008 τέρψις
806 1947 905 1994 τῶν
934 1942 1267 2010 παρεστώτων
1298 1948 1460 1994 κακῶν

378 2026 473 2076 ἀνὰ
502 2025 645 2091 στόμ’
676 2026 754 2078 ἀεὶ
783 2028 864 2078 καὶ
894 2029 973 2078 διὰ
1002 2027 1246 2094 γλώσσης
1274 2026 1428 2094 ἔχειν.
1865 2042 1916 2083 95

375 2106 587 2176 πάρεστι
619 2109 661 2161 δ’
692 2110 786 2179 οὐχ
815 2110 869 2162 ἓν
900 2112 1035 2162 ἀλλὰ
1063 2110 1233 2162 πολλά
1261 2132 1345 2175 μοι
1375 2108 1586 2167 στένειν,

376 2194 529 2245 πόλιν
556 2192 786 2263 πατρῴαν
818 2194 905 2247 τὸν
935 2196 1151 2247 θανόντα
1181 2193 1224 2246 θ’
1245 2193 1465 2260 οἘκί-ορα

374 2278 586 2345 στερρόν
613 2300 668 2330 τε
698 2279 784 2331 τὸν
816 2279 938 2345 ἐμὸν
966 2279 1155 2345 δαίμον’
1187 2277 1223 2349 ᾧ
1253 2278 1526 2345 συνεζύγην

374 2362 600 2414 δούλειον
631 2361 762 2430 ἧμαρ
791 2363 1084 2416 εἷσπεσοῦσ’
1116 2362 1341 2428 ἀναξίως.

373 2445 471 2514 χρὴ
502 2446 544 2498 δ’
574 2447 742 2498 οὔποτ’
776 2449 934 2500 εἰπεῖν
962 2447 1119 2499 οὐδέν’
1149 2449 1332 2513 ὄλβιον
1361 2450 1573 2512 βροτῶν,
1836 2462 1916 2490 100

375 2531 493 2597 πρὶν
521 2530 584 2582 ἂν
613 2531 852 2585 θανόντος
880 2531 971 2596 τὴν
999 2533 1292 2584 τελευταίαν
1318 2532 1427 2602 ἴδῃς

373 2614 508 2668 ὅπως
538 2612 759 2682 περάσας
788 2614 975 2682 ἡμέραν
1004 2614 1112 2681 ἥξει
1142 2613 1287 2668 κάτω.

303 2741 352 2782 77
375 2731 446 2771 οὐκ
459 2730 527 2784 ἂν]
541 2731 699 2775 οὐδὲνΣ
715 2732 1063 2786 (Ottobonensis)
1080 2739 1122 2772 et
1137 2733 1280 2772 Haun.
1397 2745 1449 2782 79
1468 2732 1553 2784 ἥξει
1565 2731 1604 2770 V
1711 2733 1766 2772 80
1782 2729 1914 2785 γέρων

244 2784 285 2838 γ’
319 2787 353 2825 L
546 2788 599 2825 82
629 2790 760 2828 δοκεῖς
790 2791 863 2829 σοῦ
892 2787 1038 2827 Ambr.
1071 2788 1211 2827 MV22
1242 2790 1355 2828 δοκεῖ
1379 2802 1454 2828 σου
1483 2787 1545 2825 L:
1585 2789 1701 2827 δοκεῖ
1725 2801 1790 2826 σοι
1820 2785 1910 2826 rell.

245 2842 299 2889 83
327 2844 472 2891 μολεῖν
493 2840 544 2882 σύ
562 2842 630 2893 ’μοι
651 2841 686 2879 Β
704 2842 742 2881 Ο
758 2842 806 2893 Ρ,
829 2843 882 2881 ob
902 2849 1127 2883 accentum
1238 2843 1293 2880 86
1322 2842 1492 2893 σμικρὸν
1510 2840 1645 2892 φύλαξ
1662 2840 1909 2880 Kirchhoff:

246 2896 417 2962 σμικρὸν
453 2897 577 2948 φίλον
613 2895 760 2935 Ambr.
786 2910 795 2935 :
839 2898 987 2950 σμικρὰ
1023 2897 1158 2950 φύλαξ
1195 2897 1284 2936 rell.
1329 2901 1373 2935 et
1409 2895 1561 2934 Orion.
1600 2894 1740 2944 Ety.m
1778 2908 1820 2945 p.
1857 2896 1912 2934 26

244 2951 301 3000 89
329 2948 417 2991 κατ’
435 2950 562 2991 ἐνίους
582 2949 627 2990 δὲ
640 2949 839 3003 γράφεται
859 2953 983 3005 χωρὶς
1002 2955 1075 2992 τοῦ
1092 2959 1189 2993 ΟΥ.
1246 2953 1323 2992 .ἐν
1341 2950 1516 3004 εἰρωνείᾳ
1532 2955 1563 2993 Σ
1674 2962 1729 2999 94
1750 2948 1909 3002 τέρψις]

245 3007 413 3057 μέμψεις
435 3004 723 3055 Herwerden‚
745 3006 794 3045 cl.
821 3005 925 3046 Plat.
953 3007 1084 3057 Legg.
1108 3007 1191 3056 684
1207 2981 1257 3044 D
1416 3018 1495 3045 100
1523 3007 1620 3058 Xop.
1642 3003 1774 3055 praef.
1802 3003 1844 3042 M
