2118 3366
762 93 1257 144 ΗΡΑΚΛΕΙΔΑΙ

299 223 380 275 καὶ
408 227 569 292 χαῖρε·
615 227 902 292 δυσφημεῖν
932 226 1027 291 γὰρ
1058 225 1234 291 ἅζομαι
1266 224 1402 284 θεάν,
1759 233 1845 274 600

296 305 328 379 ᾗ
357 307 450 360 σὸν
483 310 747 374 κατῆρκται
779 313 938 373 σῶμα,
974 306 1239 376 Δήμητρος
1271 310 1435 375 κόρην.

381 389 420 442 ὦ
448 394 635 451 παῖδες,
670 393 963 460 οἰχόμεσθα·
1009 392 1182 444 λύεται
1210 392 1339 458 μέλη

295 474 446 547 λύπῃ·
492 474 723 540 λάβεσθε
755 477 853 529 κείς
886 476 1031 543 ἕδραν
1061 476 1111 542 μ’
1143 478 1371 543 ἐρείσατε

297 558 446 610 αὐτοῦ
475 558 715 612 πέπλοισι
745 563 916 612 τοῖσδε
948 560 1242 628 κρύψαντες,
1276 560 1441 613 τέκνα.

297 642 363 695 ὦς
393 642 506 695 οὔτε
535 643 725 697 τούτοις
754 643 935 709 ἥδομαι
964 644 1348 712 πεπραγμένοις,
1762 651 1841 703 605

294 731 527 794 χρησμοῦ
555 748 610 779 τε
637 727 705 793 μὴ
737 727 1034 794 κρανθέντος
1065 728 1121 779 οὐ
1150 729 1421 794 βιώσιμον·

293 810 473 875 μείζων
503 812 600 878 γὰρ
629 810 737 876 ἄτη·
785 814 1023 879 συμφορὰ
1054 815 1107 864 δὲ
1141 814 1220 865 καὶ
1249 812 1384 865 τάδε.

168 943 262 1010 Xo.
294 957 463 1010 οὔτινά.
495 965 623 1026 φημι
655 963 781 1011 θεῶν
813 958 929 1027 ἄτερ
962 963 1162 1026 ὄλβιον,
1197 961 1253 1012 οὐ
1283 956 1623 1029 βαρύποτμον,
1707 958 1840 1031 [στρ.

379 1036 532 1109 ἄνδρα
561 1041 816 1110 γενέσθαι·
1662 1050 1665 1053 ’

294 1125 407 1178 οὐδὲ
436 1125 524 1178 τὸν
554 1126 702 1178 αὐτὸν
734 1127 1066 1193 ἀεὶβεβάναι
1097 1129 1250 1193 δόμον
1761 1119 1843 1199 610

379 1209 595 1279 εὐτυχίᾳ·
641 1213 773 1277 παρὰ
805 1211 846 1262 δ’
876 1211 1042 1265 ἄλλαν
1072 1211 1208 1264 ἄλλα
1670 1206 1678 1209 Δ·
1706 1207 1709 1210 ,
1752 1208 1756 1210 ⁸

376 1299 527 1361 μοῖρα
557 1295 736 1347 διώκει.

375 1377 463 1430 τὸν
491 1381 584 1444 μὲν
614 1378 702 1446 ἀφ’
731 1379 946 1447 ὑψηλῶν
976 1380 1176 1448 βραχὺν
1206 1380 1374 1451 ᾤκισε,

374 1462 462 1514 τὸν
492 1462 534 1513 δ’
566 1462 753 1515 ἆλέταν
785 1463 1051 1529 εὐδαίμονα
1080 1465 1262 1532 τεύχει.

289 1547 512 1614 μόρσιμα
542 1546 583 1598 δ’
614 1547 719 1599 οὔτι
751 1552 931 1615 φυγεῖν
962 1547 1206 1614 θέμις,οὐ
1239 1552 1388 1618 σοφί-
1690 1607 1693 1609 ,
1749 1543 1837 1607 *6¹5

377 1652 407 1682 α
437 1652 510 1685 τις
540 1627 813 1691 ἀπώσεται,
849 1633 984 1683 ἀλλὰ
1013 1631 1175 1697 μάταν
1207 1635 1233 1684 ὁ
1265 1636 1383 1733 πρό-
1774 1629 1779 1632 ’

458 1717 664 1782 θυμος’
641 1717 716 1769 αεὶ
747 1717 901 1768 πόνον
933 1715 1048 1781 ἔξει.

291 1863 426 1916 ἀλλὰ
446 1885 510 1916 συ
527 1885 594 1930 μη
614 1865 895 1932 προπίτνων
915 1866 976 1916 τὰ
997 1867 1122 1916 θεῶν
1142 1863 1280 1932 φέρε,
1297 1865 1409 1931 μηδ’
1423 1864 1692 1934 ὑπεράλγει
1708 1862 1836 1933 [ἀντ.

375 1949 618 2015 φροντίδα
647 1949 799 2000 λύπα·
1664 2003 1666 2005 ,
1757 1954 1838 1997 620

291 2031 549 2098 εὐδόκιμον
579 2034 675 2099 γὰρ
709 2032 816 2100 ἔχει
848 2032 1062 2085 θανάτου
1092 2032 1241 2099 μέρος
1704 2037 1706 2039 ’

374 2118 406 2167 ἆ
433 2115 592 2181 μελέα
623 2116 720 2183 πρό
749 2116 791 2168 τ’
822 2118 1059 2184 ἀδελφῶν
1093 2118 1170 2168 καὶ
1202 2120 1309 2184 γᾶς·

373 2199 475 2251 οὐδ’
508 2199 691 2265 ἀκλεής
722 2216 799 2253 νιν
1054 2216 1056 2218 “

373 2283 494 2349 δόξα
524 2284 647 2351 πρὸς
679 2285 951 2351 ἀνθρώπων
980 2283 1288 2349 ὑποδέξεται·

372 2370 404 2420 ἆ
435 2368 477 2420 δ’
510 2370 660 2436 ἀρετὰ
690 2370 857 2435 βαίνει
890 2371 970 2421 διὰ
1000 2369 1223 2437 μόχθων.
1665 2399 1667 2401 >
1751 2372 1831 2423 6²5

215 2488 297 2527 602
326 2485 468 2528 λύεται
491 2486 672 2527 Milton.
701 2486 837 2527 δύεται
860 2487 893 2525 L
910 2487 943 2525 P
1155 2487 1238 2536 609
1271 2485 1471 2525 Fortasse
1494 2488 1611 2539 φῶτα
1632 2483 1691 2538 (γ’
1713 2486 1835 2540 ἄνδρα

165 2540 328 2592 Heath)
551 2543 647 2589 610,
669 2543 745 2581 611
788 2541 936 2594 δρόμον
957 2541 1148 2594 εὐτυχίας
1171 2541 1365 2581 Schmidt
1585 2542 1663 2579 611
1696 2542 1835 2582 ἄλλαν

164 2596 364 2636 Seidler:
412 2597 543 2639 ἄλλον
582 2574 668 2636 Li²
709 2598 860 2648 (ἄλλον
897 2597 939 2649 γ’
979 2596 1012 2648 l)
1248 2598 1329 2645 613
1375 2594 1466 2647 ἀφ’]
1508 2592 1573 2646 ἐφ’
1614 2593 1834 2635 Brodaeus

161 2653 243 2700 614
274 2650 428 2693 ἀλέη-αν
453 2651 606 2702 scripsi
635 2652 695 2702 (h.
715 2664 751 2691 e.
782 2652 857 2692 τὸν
885 2654 928 2692 ἐν
953 2655 1121 2701 μυλῶνι,
1150 2651 1202 2690 cf.
1232 2650 1354 2700 Cycl.
1377 2651 1507 2702 240):
1537 2650 1694 2698 ἆλήταν
1723 2650 1831 2689 LP:

160 2706 307 2750 ἇτίταν
328 2706 522 2745 Lobeck:
554 2708 627 2748 τὸν
647 2708 681 2747 δ’
702 2706 916 2756 εὐδαίμονα
935 2704 1076 2758 τεύχει
1097 2705 1258 2747 ἀλάταν
1279 2705 1449 2744 Seidler
1629 2706 1712 2755 619
1740 2721 1833 2757 προ·

161 2760 312 2812 πίτνων
350 2758 539 2813 Elmsley
612 2762 855 2830 προσπεσὼν
891 2762 924 2800 Ι
942 2760 989 2809 Ρ,
1026 2760 1102 2799 sed
1140 2773 1354 2811 suprascr.
1390 2763 1543 2802 πιτνῶν
1580 2765 1627 2800 ut
1660 2760 1831 2800 videtur

162 2806 214 2856 [²
337 2814 435 2869 φέρε
456 2775 801 2869 Elmzsley21‘mkp
823 2813 858 2852 L
871 2812 905 2852 P
927 2810 1145 2865 (παθέων”
1121 2829 1198 2853 vm)
1217 2812 1424 2864 Camper)
1590 2813 1671 2850 622
1698 2812 1775 2866 πρό
1793 2815 1831 2853 τ’

162 2863 353 2920 Barnes·
382 2870 478 2924 πρὸς
496 2869 555 2909 L:
586 2869 683 2926 πρός
702 2869 741 2910 τ’
761 2864 797 2907 Ρ
962 2864 1153 2920 ἀδελφῶν
1170 2866 1191 2907 l
1198 2865 1233 2907 P
1255 2863 1527 2922 (Ηκῆλφῶν
1548 2865 1599 2922 L)
1670 2872 1673 2877 “
