2118 3366
900 131 1340 181 ΕΥΡΙΠΙΔΟΥ

405 259 616 326 Ἀργοῦς
648 257 770 324 κάρα
802 258 896 311 σὸν
923 258 1156 331 λειψάνῳ
1182 259 1550 327 πεπληγμένος,

405 344 582 408 πικρᾶς
611 343 846 399 τελευτὰς
876 347 975 395 τῶν
1006 345 1135 414 ἐμῶν
1164 341 1337 410 γάμων
1367 343 1502 397 ἰδών.

280 430 351 476 Ια.
490 422 625 477 ἀλλά
655 424 704 475 σ’
734 424 934 492 Ἐρινὺς
963 425 1162 478 ὀλέσειε
1189 425 1378 481 τέκνων
1872 480 1874 482 ,

486 509 642 575 φονία
671 530 726 562 τε
758 510 904 574 Δίκη.
1844 529 1951 571 1390

279 595 382 657 Μη.
466 593 563 646 -τίς
593 595 646 644 δὲ
677 592 816 644 κλύει
847 598 941 644 σοῦ
971 593 1081 646 θεὸς
1110 590 1140 658 ἢ
1171 595 1373 659 δαίμων,

487 680 573 727 τοῦ
601 676 880 743 ψευδόρκου
913 678 992 728 καὶ
1022 675 1340 741 ξειναπάτου;

278 765 352 811 Ια.
492 764 590 827 φεῦ
621 764 733 826 φεῦ,
766 763 967 827 μυσαρὰ
999 761 1076 812 καὶ
1105 761 1417 829 παιδολέτορ.

278 847 381 908 Μη.
489 848 662 910 στεῖχε
693 843 816 911 πρὸς
847 846 1009 898 οἴκους
1041 845 1119 896 καὶ
1149 843 1293 898 θάπτ’
1324 845 1529 913 ἄλοχον.

279 932 348 978 Ια.
486 928 689 995 στείχω,
725 931 918 981 δισσῶν
949 928 996 995 γ’
1027 928 1208 996 ἄμορος
1237 928 1438 981 τέκνων.
1845 947 1948 988 1395

277 1014 381 1075 Μη.
486 1011 621 1062 οὔπω
655 1014 866 1078 θρηνεῖς·
912 1011 1031 1077 μένε
1062 1013 1140 1063 καὶ
1171 1016 1342 1079 γῆρας.
1833 1067 1835 1070 f

279 1099 350 1145 Ια.
487 1092 524 1145 ὦ
555 1093 702 1145 τέκνα
735 1096 972 1161 φίλτατα.
1146 1099 1250 1161 Μη.
1337 1098 1488 1164 μητρί
1513 1118 1587 1164 γε,
1623 1097 1704 1148 σοὶ
1737 1096 1779 1148 δ’
1810 1098 1882 1149 οὔ.

278 1182 350 1229 Ια.
489 1176 676 1231 κᾶπειτ’
708 1178 903 1239 ἔκανες,·
1077 1184 1179 1244 Μη.
1271 1179 1334 1231 σέ
1363 1202 1422 1248 γε
1451 1180 1766 1246 πημαίνουσ’.

279 1266 350 1313 Ια.
487 1263 624 1327 ὤμοι,
661 1264 836 1329 φιλίου
867 1263 1031 1335 χρῄζω
1063 1265 1309 1329 στόματος

484 1347 671 1398 παίδων
702 1347 729 1396 ὁ
761 1345 917 1400 τάλας
947 1347 1376 1413 προσπτύξασθαι.
1846 1367 1950 1406 1400

278 1431 380 1493 Μη.
485 1435 570 1482 νῦν
603 1435 707 1496 σφε
740 1435 1041 1501 προσαυδᾷς,
1073 1436 1159 1483 νῦν
1190 1430 1402 1504 ἀσπάζῃ,

485 1513 586 1565 τότ’
617 1512 965 1580 ἀπωσάμενος.
1138 1520 1210 1568 Ια.
1300 1517 1383 1570 δός
1409 1538 1495 1581 μοι
1525 1515 1647 1583 πρὸς
1677 1519 1803 1568 θεῶν

485 1602 710 1663 μαλακοῦ
741 1598 932 1665 χρωτὸς
962 1603 1159 1666 ψαῦσαι
1189 1599 1389 1652 τέκνων.

278 1686 383 1747 Μη.
487 1683 572 1734 οὐκ
603 1681 728 1733 ἔστι·
776 1680 938 1747 μάτην
971 1683 1088 1736 ἔπος
1119 1683 1355 1750 ἔρριπται.

277 1770 349 1818 Ια.
488 1770 601 1824 Ζεῦ,
633 1763 740 1817 τάδ’
775 1767 966 1819 ἀκούεις
999 1767 1063 1819 ὡς
1093 1767 1470 1833 ἀπελαυνόμεθ’,
1839 1785 1946 1825 1405

486 1847 565 1900 οἶά
596 1871 650 1901 τε
679 1847 948 1917 πάσχομεν
982 1852 1035 1901 ἐκ
1064 1854 1151 1915 τῆς
1179 1855 1404 1919 μυσαρᾶς

487 1933 564 1984 καὶ
595 1935 903 1999 παιδοφόνου
935 1938 1089 1999 τῆσδε
1117 1937 1342 2000 λεαίνης,·

486 2016 599 2068 ἀλλ’
632 2018 821 2069 ὁπόσον
852 2023 975 2085 γοῦν
1006 2016 1138 2085 πάρα
1169 2020 1247 2070 καὶ
1279 2020 1488 2085 δύναμαι

486 2098 603 2152 τάδε
632 2102 712 2153 καὶ
744 2105 907 2168 θρηνῶ
941 2100 1229 2167 κάπιθεάζω,

484 2185 851 2252 μαρτυρόμενος
884 2187 1120 2251 δαίμονας
1150 2187 1214 2241 ὥς
1243 2209 1328 2252 μοι
1843 2205 1949 2244 1410

486 2268 632 2320 τέκνα
665 2269 881 2320 κτείνασ’
916 2271 1222 2324 ἆποκωλύεις

483 2354 687 2420 ψαῦσαί
711 2375 766 2405 τε
795 2359 970 2422 χεροῖν
1003 2352 1163 2422 θάψαι
1194 2377 1247 2407 τε
1277 2355 1490 2423 νεκρούς,

334 2471 438 2519 1388
479 2470 603 2521 ἐμῶν]
632 2469 732 2511 νέων
754 2470 869 2509 Weil
1096 2485 1201 2521 1392
1241 2470 1459 2523 ξειναπάτα
1482 2471 1515 2510 L
1532 2470 1706 2510 PBV¹2
1746 2476 1948 2523 ξεναπάτα

274 2524 314 2562 Α
333 2539 341 2562 :
373 2525 611 2576 ξειναπάτου
631 2524 698 2563 Vl
854 2537 956 2575 1395
987 2526 1029 2578 γ’
1052 2527 1195 2580 ἄμορος
1220 2526 1308 2565 Pl:
1337 2527 1377 2578 γ’
1400 2527 1572 2577 ἄμμορος
1594 2526 1669 2576 Bp
1689 2541 1698 2565 :
1726 2527 1768 2578 ’γ’
1789 2527 1947 2578 ἄμοιρος

277 2579 391 2619 LV:
434 2581 591 2632 ἄμοιρος
612 2579 652 2617 Α
889 2582 994 2630 1396
1033 2581 1205 2634 γήρασκ’
1228 2581 1408 2629 Porson,
1432 2581 1682 2630 synapheae
1711 2580 1947 2634 servandae

275 2646 402 2672 causa
515 2635 619 2683 1398
653 2634 791 2676 ἔκανες
814 2634 1030 2685 Elmsley:
1063 2636 1227 2676 ἔκτανες
1248 2636 1397 2675 codd.:
1431 2635 1580 2676 ἔκταςί
1692 2647 1796 2684 1399
1827 2634 1943 2685 ὤμοι]

277 2689 317 2727 αἲ
340 2690 381 2729 αἲ
401 2688 434 2726 L
451 2688 523 2727 Pv
747 2702 848 2738 1401
891 2689 989 2741 σφε]
1020 2698 1125 2741 σφας
1145 2690 1206 2729 V:
1247 2702 1353 2729 corr.
1376 2703 1402 2728 v
1624 2702 1727 2738 1404
1768 2689 1862 2729 ἔπος
1883 2688 1946 2727 B:

277 2744 309 2782 δ’
350 2742 443 2783 ἔπος
481 2743 594 2782 AV:
640 2742 766 2796 λόγος
807 2743 890 2781 LP
1077 2755 1180 2794 1405
1219 2761 1285 2797 γρ.
1325 2747 1418 2798 ὁρᾷς
1457 2758 1509 2783 v:
1551 2761 1616 2797 γρ.
1660 2746 1704 2785 ἰὼ
1744 2746 1818 2784 Ζεῦ
1856 2742 1946 2784 τάδ’

277 2796 431 2838 ἀκούεις
470 2797 554 2841 ΣΒ
594 2799 710 2837 unde
750 2797 981 2836 Kirchhoff
1013 2797 1042 2838 ὦ
1088 2802 1177 2847 Ζεῦ,
1216 2797 1304 2840 τάδ’
1344 2802 1458 2852 ὁρᾷς-ς
1685 2811 1790 2847 1409
1833 2798 1944 2838 κάπι-

277 2850 401 2901 θεάζω
440 2851 666 2891 Blomfield
713 2852 767 2891 ad
806 2851 967 2892 Aesch.
1007 2852 1118 2892 Cho.
1158 2854 1239 2902 842
1281 2853 1500 2906 (--855):
1543 2852 1767 2903 κᾶπιθοάζω
1815 2852 1939 2890 codd.

281 2917 384 2955 1410
421 2907 506 2958 μοι]
535 2923 613 2957 μου
639 2906 674 2945 Β
901 2919 999 2955 1411
1037 2906 1164 2949 τέκνα
1187 2903 1507 2948 κτείνασ’“[Ρτ
1545 2907 1656 2948 τέκν’
1684 2905 1943 2948 ἀποκτείνασ’
