2118 3366
862 145 1300 195 ΕΥΡΙΠΙΔΟΥ

368 272 488 325 ὥστ’
521 275 571 327 ἐς
601 272 870 340 τυράννους
897 272 1078 340 ἄνδρας
1110 273 1479 343 ἐξαμαρτάνειν.
1502 303 1507 323 s

304 377 315 382 ’·
368 357 433 409 σὺ
463 359 558 424 γὰρ
582 358 634 408 τί
658 356 709 422 μ’
738 357 999 422 ἠδίκηκας,·
1047 357 1217 423 ἐξέδου
1240 360 1395 425 κόρην
1655 419 1659 423 ,

367 441 462 510 ὅτῳ
495 462 557 492 σε
587 439 738 506 θυμὸς
762 440 904 508 ἦγεν.
974 441 1098 494 ἀλλ’
1128 442 1246 508 ε’μὸν
1276 443 1429 495 πόσιν
1675 470 1703 510 s
1775 477 1788 495 «,
1840 460 1916 502 310

366 528 516 589 μισῶ·
563 524 626 576 σὺ
656 524 718 583 δ’,
751 525 902 590 οἶμαι,
938 530 1217 592 σωφρονῶν
1247 527 1393 593 ’ἔδρας
1422 526 1555 579 τάδε.

368 609 447 659 καὶ
477 612 564 660 νῦν
594 607 650 659 τὸ
680 611 774 673 μὲν
805 607 898 660 σὸν
930 610 987 661 οὗ
1017 613 1187 676 φθονῶ
1220 615 1384 664 καλῶς
1413 610 1573 678 ἔχειν*

365 691 647 759 νυμφεύετῗ,
681 693 733 744 εὖ
764 691 1061 759 πράσσοιτε·
1106 692 1253 758 τήνδε
1283 696 1336 745 δὲ
1364 695 1544 762 χθόνα.
1587 722 1590 726 ·

367 774 480 827 ἐᾶτέ
507 775 559 841 μ’
584 777 759 839 οἰκεῖν.
837 778 917 829 καὶ
947 778 1044 844 γὰρ
1073 776 1358 842 ἠδικημένοι
1754 840 1756 843 .

366 860 736 926 σιγησόμεσθα,
770 861 1082 927 κρεισσόνων
1111 861 1390 926 νικώμενοι.
1549 904 1550 907 ¹
1767 906 1783 925 Δ.
1837 880 1916 921 3ῐ5

243 947 329 1011 Κρ.
362 942 530 1010 λέγεις
561 945 769 995 ἀκοῦσαι
797 943 1032 1010 μαλθάκ’,
1065 944 1181 997 ἀλλ’
1212 945 1314 997 ἔσω
1344 950 1542 1013 φρενῶν
1604 990 1624 994 ..
1688 955 1690 958 ’
1895 951 1903 956 ”

365 1028 575 1094 ὁρρωδία
603 1050 687 1093 μοι
716 1027 782 1094 μή
814 1050 861 1080 τι
891 1029 1179 1101 βουλεύσῃς
1210 1030 1376 1088 κακόν,

365 1112 499 1181 τόσῳ
532 1111 586 1163 δέ
614 1112 661 1178 γ’
691 1112 857 1177 ἧσσον
887 1109 917 1176 ἢ
949 1112 1104 1179 πάρος
1134 1112 1347 1166 πέποιθά
1371 1135 1479 1166 σοι·
1540 1153 1542 1155 »

366 1195 488 1262 γυνὴ
520 1198 616 1263 γὰρ
646 1195 902 1261 ὀξύθυμος,
939 1197 1003 1250 ὡς
1033 1197 1075 1248 δ’
1107 1198 1264 1251 αὔτως
1294 1196 1431 1265 ἀνήρ,
1698 1258 1700 1260 ,

364 1276 496 1348 ῥᾴων
526 1279 818 1346 φυλάσσειν
849 1276 878 1344 ἢ
913 1280 1170 1345 σιωπηλὸς
1200 1282 1379 1349 σοφός.
1568 1308 1572 1311 “
1760 1330 1764 1333 ,
1836 1300 1919 1340 320

366 1363 483 1414 ἀλλ’
515 1363 635 1428 ἔξιθ’
667 1364 732 1417 ὡς
762 1363 997 1432 τάχιστα,
1030 1365 1095 1431 μὴ
1125 1366 1308 1433 λόγους
1337 1365 1476 1433 λέγε·

366 1447 430 1501 ὡς
459 1447 595 1499 ταῦτ’
626 1447 791 1515 ἄραρε,
828 1448 941 1500 κούκ
974 1450 1106 1516 ἔχεις
1135 1448 1319 1517 τέχνην
1348 1451 1482 1504 ὅπως

364 1536 528 1596 μενεῖς
559 1532 675 1599 παρ’
705 1533 821 1597 ἡμῖν
853 1533 981 1584 οῧσα
1012 1533 1257 1599 δυσμενὴς
1290 1536 1414 1599 ἐμοί.

241 1619 344 1680 Μη.
370 1614 453 1680 μή,
486 1617 609 1683 πρός
641 1638 701 1668 σε
731 1616 957 1683 γονάτων
988 1620 1075 1682 τῆς
1105 1640 1160 1670 τε
1189 1618 1435 1685 νεογάμου
1466 1619 1629 1686 κόρης.

242 1703 330 1765 Κρ.
362 1700 545 1766 λόγους
576 1702 795 1754 ἀναλοῖς·
844 1701 900 1752 οὐ
931 1703 1027 1768 γὰρ
1057 1700 1117 1754 ἂν
1148 1703 1347 1756 πείσαις
1378 1703 1514 1755 ποτέ.
1571 1749 1574 1751 Α
1838 1717 1922 1761 325

241 1787 343 1848 Μη.
370 1784 487 1835 ἀλλ’
520 1783 695 1854 ἐξελᾷς
724 1806 787 1850 με
820 1786 990 1837 κούδὲν
1020 1785 1197 1857 αἶδέσῃ
1229 1785 1396 1847 λιτάς,·

242 1871 329 1935 Κρ.
364 1873 498 1934 φιλῶ
529 1871 625 1936 γὰρ
656 1868 713 1920 οὐ
744 1872 805 1921 σὲ
835 1873 1031 1934 μᾶλλον
1060 1865 1091 1934 ἢ
1123 1871 1301 1936 δόμους
1331 1871 1493 1936 ἐμούς.

240 1955 343 2016 Μη.
369 1950 406 2003 ὦ
438 1953 628 2019 πατρίς,
662 1954 728 2006 ὥς
760 1975 851 2006 σου
884 1953 1036 2021 κάρτα
1066 1959 1153 2006 νῦν
1182 1955 1357 2019 μνείαν
1387 1956 1506 2023 ἔχω.

240 2039 328 2102 Κρ.
362 2035 495 2100 πλὴν
527 2038 621 2104 γὰρ
649 2036 834 2089 τέκνων
866 2038 1034 2105 ἔμοιγε
1064 2039 1309 2105 φίλτατον
1340 2040 1486 2092 πολύ.
1556 2044 1561 2102 j

241 2123 344 2184 Μη.
369 2125 465 2187 φεῦ
495 2126 608 2188 φεῦ,
640 2125 845 2188 βροτοῖς
877 2122 1054 2188 ἔρωτες
1086 2123 1151 2176 ὡς
1183 2123 1333 2175 κακὸν
1363 2122 1508 2190 μέγα.
1768 2171 1770 2173 .
1834 2140 1915 2181 330

241 2207 330 2270 Κρ.
369 2205 502 2258 ὅπως
530 2205 606 2264 ἄν,
641 2206 791 2270 οἶμαι,
827 2206 905 2257 καὶ
938 2211 1260 2273 παραστῶσιν
1288 2208 1453 2275 τύχαι.

240 2291 343 2353 Μη.
368 2292 479 2348 Ζεῦ,
511 2289 578 2354 μὴ
608 2288 754 2340 λάθοι
786 2312 846 2342 σε
877 2290 1019 2342 τῶνδ’
1052 2290 1106 2344 ὃς
1138 2293 1294 2345 αἴτιος
1325 2296 1503 2343 κακῶν.

239 2375 347 2439 Κρ.ἢ
369 2372 490 2438 ἕρπ’,
524 2371 562 2425 ὦ
592 2375 790 2438 ματαία,
828 2376 910 2426 καί
936 2374 986 2439 μ’
1017 2374 1312 2443 ἀπάλλαξον
1341 2377 1525 2434 πόνων.

234 2459 343 2520 ιΜη.
366 2462 613 2523 πονοῦμεν
643 2458 784 2522 ἡμεῖς
816 2459 902 2510 κού
932 2459 1099 2511 πόνων
1132 2458 1426 2527 κεχρήμεθα.

291 2573 373 2622 308
416 2573 536 2625 ὥστ’]
579 2575 630 2615 ὡς
668 2573 708 2612 Α
930 2577 1011 2625 309
1056 2576 1107 2616 σὺ
1144 2576 1222 2629 ’γὰρ
1260 2573 1304 2616 τί
1336 2576 1443 2617 LP:
1483 2577 1531 2617 ’τί
1558 2577 1647 2630 ’γὰρ
1683 2578 1737 2618 σὺ
1767 2576 1910 2616 AVB

236 2639 317 2676 313
346 2627 570 2681 πράσσοντε
589 2628 680 2667 AV
695 2629 729 2667 B
748 2643 757 2667 :
789 2628 997 2682 πράσσετε
1019 2630 1053 2669 L
1069 2630 1128 2669 P:
1160 2630 1393 2683 πράσσοντε
1416 2630 1638 2670 Hermann
1774 2631 1842 2683 δὲ]
1861 2633 1911 2681 δὴ

239 2682 272 2720 L
287 2682 359 2721 Pv
564 2696 645 2732 317
676 2684 878 2737 βουλεύῃς
900 2684 1092 2735 Elmsley
1298 2686 1379 2736 318
1407 2685 1518 2736 τόσῳ
1540 2684 1667 2738 &es-7⁹]
1684 2685 1850 2738 τοσῷδέ
1866 2685 1910 2739 γ’

237 2736 271 2775 L
287 2736 347 2775 P:
378 2741 532 2790 τοσῷδε
553 2738 588 2778 δ’
610 2738 750 2777 AVB
901 2752 983 2788 319
1013 2742 1142 2781 αὕτως
1162 2740 1306 2779 VBl:
1338 2741 1466 2781 αὕτως
1486 2740 1527 2777 Α
1543 2740 1630 2778 LPv
1733 2766 1737 2773 ι
1775 2753 1857 2789 320
1878 2742 1910 2796 ἢ

237 2791 574 2841 σιωπηλόστομος
591 2793 814 2832 Housman
927 2807 1006 2844 322
1038 2795 1128 2846 ἔχει
1142 2795 1181 2833 V
1201 2809 1210 2834 ε
1240 2808 1347 2835 corr.
1366 2808 1393 2833 v
1503 2798 1583 2844 323
1611 2798 1747 2846 μενεῖς
1764 2794 1907 2835 Ι.“Ρω“ῖ;

235 2844 359 2899 μένῃς
379 2846 419 2884 Α
432 2847 470 2885 V
485 2847 522 2885 B
665 2860 746 2897 329
775 2852 897 2889 πλεῖν
915 2849 994 2901 γὰρ
1014 2849 1169 2890 τέκνων
1190 2850 1394 2902 φίλτατον
1416 2850 1554 2901 {faoi-ys
1574 2849 1681 2890 πολύ
1701 2850 1765 2888 V':
1795 2862 1906 2893 corr,

233 2899 381 2942 τέκνον
400 2902 449 2940 V¹
468 2919 477 2942 z
510 2903 621 2952 πλὴν
640 2915 667 2941 v
778 2904 947 2955 κᾶμοιγε
969 2903 1107 2942 Bothe
1218 2903 1346 2956 πολύ]
1368 2903 1487 2945 πόλις
1509 2903 1561 2942 B²
1693 2916 1774 2953 332
1802 2904 1908 2958 λάθῃ

237 2954 271 2992 L
288 2955 345 2996 P:
378 2968 486 2995 corr.
503 2963 535 3007 p
677 2968 757 3006 333
789 2956 894 3010 ἕρπ’]
919 2957 997 3011 ἔρρ’
1018 2957 1285 2997 Valckenaer
1391 2987 1395 2990 ε
1426 2970 1506 3008 334
1535 2958 1673 3000 πόνοις
1684 2970 1905 3010 suprascr,

238 3009 310 3049 L¹:
341 3010 461 3051 πόνος
479 3010 569 3062 μέν·
600 3013 715 3062 ἡμεῖς
735 3012 770 3051 δ’
792 3014 836 3052 οὐ
857 3011 966 3063 πόνῳ
987 3013 1219 3066 κεχρήμεθα
1232 3032 1246 3061 ,·
1270 3012 1497 3063 Musgrave
