2118 3366
862 136 1177 195 ΜΗΔΕΙΑ

317 273 392 327 τίς
422 276 516 340 γῆν
544 270 735 324 ἄσυλον
767 273 846 325 καὶ
877 274 1052 339 δόμους
1079 264 1348 344 ε’χεᾷκγύους

325 354 467 422 ξένος
496 357 775 424 παρασχὼν
802 356 1008 422 ῥύσεται
1036 346 1215 423 τούμῖὸν
1245 358 1420 424 δέμας,·

321 439 407 491 οὐκ
438 440 563 493 ἔστι.
637 439 837 505 μείνασ’
867 440 954 492 οὖν
984 441 1056 492 ἔτι
1088 430 1296 508 σμικρὸν
1325 443 1523 510 χρόνον,

321 519 384 587 ἢν
411 523 505 589 μέν
534 544 610 576 τις
638 523 755 587 ἡμῖν
785 523 970 590 πύργος
1001 525 1237 591 ἀσφαλὴς
1269 532 1420 599 φανῇ,
1783 545 1863 585 390

276 648 279 649 ν
321 607 452 677 δόλῳ
483 605 676 672 μέτειμι
704 607 849 659 τόνδε
880 607 959 659 καὶ
990 609 1108 680 σιγῇ
1140 609 1315 675 φόνον·

321 686 383 755 ἢν
412 690 456 743 δ’
487 689 727 762 ἐξελαύνῃ
758 689 987 758 ξυμφορά
1015 691 1064 756 μ’
1097 690 1365 760 ἀμήχανος,

322 774 443 839 αὐτὴ
474 774 622 842 ξίφος
651 778 905 840 λαβοῦσα,
939 776 1011 826 κεί
1039 774 1210 840 μέλλω
1241 780 1424 835 θανεῖν,

324 863 475 911 κτενῶ
508 865 628 925 σφε,
661 858 849 924 τόλμης
877 857 920 908 δ’
952 859 1051 924 εἶμι
1080 859 1200 925 πρὸς
1229 859 1286 911 τὸ
1318 861 1568 926 καρτερόν.

319 942 376 993 οὗ
407 944 501 1009 γὰρ
529 944 598 1007 μᾶ
627 941 718 1006 τὴν
747 940 1016 994 δέσποιναν
1045 940 1106 1006 ἢν
1137 943 1234 1009 ἐγὼ
1266 942 1408 1008 σέβω
1784 960 1859 1000 395

322 1025 545 1091 μάλιστα
573 1025 775 1078 πάντων
805 1025 884 1076 καὶ
914 1024 1148 1092 ξυνεργὸν
1178 1026 1400 1091 εἱλόμην,

322 1109 552 1174 Ἑκάτην,
585 1113 762 1177 μυχοῖς
792 1110 1030 1161 ναίουσαν
1061 1111 1230 1162 ἑστίας
1263 1111 1398 1175 ε’μῆς,

324 1195 514 1262 χαίρων
542 1214 616 1246 τις
645 1192 807 1244 αὐτῶν
835 1192 1016 1258 τούμὸν
1047 1194 1255 1260 ἀλγυνεῖ
1285 1193 1414 1260 κέαρ.

325 1277 525 1344 πικροὺς
556 1276 597 1329 δ’
629 1277 726 1344 ἐγώ
759 1280 885 1344 σφιν
917 1278 996 1328 καὶ
1025 1276 1238 1343 λυγροὺς
1269 1276 1407 1341 θήσω
1437 1276 1637 1344 γάμους,

325 1361 498 1429 πικρὸν
527 1363 581 1414 δὲ
613 1364 756 1426 κῆδος
789 1361 867 1412 καὶ
898 1362 1062 1428 φυγᾶς
1093 1362 1212 1426 ἐμὰς
1242 1361 1438 1428 χθονός.
1779 1379 1864 1418 400

325 1445 440 1498 ἀλλ’
470 1445 562 1497 εἶα·
609 1445 783 1512 φείδου
812 1447 963 1510 μηδὲν
994 1446 1063 1496 ῶν
1094 1446 1380 1504 ἐπίστασαι,

328 1527 538 1594 Μῆδεια,
570 1529 889 1594 βουλεύουσα
920 1528 998 1580 καὶ
1028 1528 1331 1597 τεχνωμένη·

325 1613 432 1680 ἕρπ’
462 1615 514 1667 ἐς
543 1612 599 1664 τὸ
630 1614 808 1664 δεινόν·
855 1617 940 1664 νῦν
970 1613 1106 1679 ἀγὼν
1137 1614 1396 1680 εὐψυχίας.

327 1698 442 1767 ὁρᾷς
472 1699 504 1748 ἃ
532 1696 761 1765 πάσχεις·
810 1696 865 1747 οὐ
897 1695 1093 1763 γέλωτα
1122 1700 1199 1748 δεῖ
1227 1697 1275 1747 σ’
1307 1698 1487 1764 ὀφλεῖν

325 1785 429 1834 τοῖς
460 1782 750 1847 Σισυφείοις
780 1785 882 1833 τοῖς
911 1780 954 1831 τ’
986 1779 1211 1834 Ἰάσονος
1240 1780 1431 1847 γάμοις,
1781 1797 1861 1837 405

327 1870 559 1932 γεγῶσαν
589 1866 774 1916 ἐσθλοῦ
803 1863 988 1931 πατρὸς
1016 1863 1197 1916 ζΗλίου
1227 1864 1268 1915 τ’
1299 1864 1412 1916 ἄπο.

328 1949 599 2002 ἐπίστασαι
629 1948 698 2000 δέ·
730 1947 867 2015 πρὸς
898 1951 951 1999 δὲ
981 1949 1060 1999 καὶ
1089 1948 1376 2015 πεφύκαμεν

327 2037 568 2100 γυναῖκες,
604 2035 653 2086 ἐς
682 2035 773 2097 μὲν
804 2031 946 2083 ἔσθλ’
977 2032 1375 2099 ἇμηχανώταται,

329 2121 489 2169 κακῶν
519 2119 572 2168 δὲ
602 2115 799 2168 πάντων
829 2115 1052 2169 τέκτονες
1083 2116 1388 2183 σοφώταται.
1784 2131 1865 2170 409

327 2218 385 2237 ,eu-

156 2303 157 2306 ,
205 2237 315 2376 Χοφ
329 2261 430 2314 ἄνω
459 2267 691 2327 ποταμῶν
723 2264 865 2328 ἱερῶν
894 2265 1116 2328 χωροῦσι
1146 2261 1316 2326 παγαί,
1400 2266 1411 2279 ’
1734 2263 1863 2334 [στρ.

329 2347 410 2398 καὶ
439 2348 551 2398 δίκα
581 2346 660 2397 καὶ
690 2345 851 2397 πάντα
881 2343 1034 2396 πάλιν
1066 2343 1349 2411 στρέφεται.

331 2428 540 2497 ἀνδράσι
568 2432 658 2494 μὲν
690 2430 852 2480 δόλιαι
882 2428 1080 2492 βουλαί,
1115 2430 1237 2478 θεῶν
1268 2427 1308 2478 δ’

332 2512 493 2565 οὐκέτι
522 2514 690 2566 πίστις
718 2511 885 2578 ἄραρε·
1364 2504 1370 2511 „

262 2638 342 2680 392
371 2628 581 2681 ἀμήχανον
599 2627 767 2668 Verrall
932 2627 1121 2676 395-398
1151 2624 1214 2665 Cf.
1241 2626 1415 2677 Eupolis
1437 2626 1557 2665 Dem.
1583 2639 1608 2664 2
1629 2626 1701 2676 (90
1722 2625 1862 2675 Kock)

185 2704 189 2707 ’
208 2684 290 2734 396
316 2682 500 2731 μάλιστα
518 2683 686 2724 πάντων
701 2684 766 2723 καὶ
787 2683 978 2735 ξυνεργὸν
996 2693 1082 2720 om.
1101 2679 1141 2718 A
1270 2694 1350 2731 399
1372 2689 1446 2733 σφι
1465 2680 1506 2719 Α
1659 2693 1740 2730 400
1770 2682 1865 2731 ἐμὰς

210 2736 246 2777 L
259 2736 354 2777 Pb:
385 2740 483 2789 ἐμᾶς
502 2738 593 2776 AV
606 2737 641 2776 B
811 2750 891 2787 404
923 2735 986 2775 Cf.
1007 2734 1078 2775 Ar.
1101 2735 1139 2772 Ν
1143 2734 1208 2774 ub.
1228 2737 1309 2773 662
1460 2733 1526 2784 οὗ]
1548 2735 1613 2776 καὶ
1634 2734 1668 2773 L
1688 2734 1865 2773 fortasse

209 2796 323 2832 recte
450 2792 597 2844 ὀφλεῖν
617 2791 834 2841 Elmsley:
865 2790 1011 2843 ὅφλειν
1029 2789 1150 2828 codd.
1339 2800 1419 2838 405
1448 2790 1570 2830 τοῖςδ’
1593 2789 1864 2829 Herwerden

210 2847 293 2896 408
321 2844 447 2896 ἐσμὲν
465 2847 603 2898 codd.‚
627 2846 743 2896 quod
762 2851 835 2885 aut
858 2849 897 2886 ἐς
924 2843 1000 2895 μὲν
1027 2848 1099 2882 aut
1129 2842 1253 2894 ἐσμὲν
1282 2855 1378 2882 esse
1407 2843 1569 2893 possit:
1600 2842 1724 2894 ἐσμὲν
1743 2842 1861 2883 Stob.

212 2913 274 2950 73.
299 2913 353 2950 32
515 2913 600 2950 410
630 2901 759 2952 ποι-γαί
778 2900 817 2938 V
832 2899 865 2937 B
885 2912 895 2937 z
933 2899 1062 2950 πηγαί
1082 2897 1171 2937 rell.
1197 2898 1247 2937 V*
1262 2897 1296 2935 B
1479 2910 1555 2946 411
1592 2898 1724 2939 πάντα
1742 2897 1866 2938 πάλιν

210 2953 348 2994 AVB
367 2967 375 2992 :
406 2954 532 2996 πάλιν
549 2954 683 2996 πάντα
704 2954 737 2992 L
752 2954 785 2993 P
950 2964 1030 3002 414
1060 2952 1177 3005 ἄρηρε
1198 2951 1237 2991 Α
1255 2952 1288 2991 L
1308 2965 1317 2991 :
1346 2964 1454 2991 corr.
1475 2951 1529 2990 A¹
1551 2951 1568 2990 l

320 3033 422 3062 tun.
448 3032 478 3061 1.
1678 3018 1700 3061 7

1313 3087 1342 3122 ff„

2065 3234 2082 3290 CN

2088 3210 2099 3218 ι
