2118 3366
842 127 1309 178 ΙΠΠΟΛΎΤΟΣ

364 256 534 323 φίλοις
563 277 618 308 τε
646 259 866 324 χρῆσθαι
893 257 959 322 μὴ
992 259 1180 311 ἀδικεῖν
1208 260 1554 326 πειρωμένοις,’

363 339 482 390 ἀλλ’
512 341 644 391 οἶσιν
674 341 823 395 αἰδὼς
849 339 960 406 μήτ’
995 342 1331 409 ἐπαγγέλλειν
1361 347 1486 396 κακὰ

360 421 472 488 μήτ’
505 424 862 490 ἀνθυπουργεῖν
893 427 1084 492 αἰσχρὰ
1111 429 1246 477 τοῖσι
1275 426 1568 494 χρωμένοις·

360 505 447 557 οὐκ
479 506 788 574 ἐγγελαστῆς
817 512 916 559 τῶν
947 509 1271 573 ὁμιλούντων,
1306 510 1476 577 πάτερ,
1798 530 1901 559 1000

360 589 476 642 ἀλλ’
507 589 651 644 αὐτὸς
681 591 738 642 οὗ
768 596 980 658 παροῦσι
1013 593 1197 660 κᾶγγὺς
1228 592 1296 645 ὢν
1327 596 1512 661 φίλοις.

360 672 469 727 ἑνὸς
500 673 541 725 δ’
571 673 784 734 ἄθικτος,
818 673 854 745 ᾧ
879 698 942 741 με
971 681 1057 729 νῦν
1086 680 1220 729 ἑλεῖν
1252 681 1428 732 δοκεῖς·

359 755 542 825 λέχους
571 759 666 825 γὰρ
697 760 749 813 ἐς
777 759 879 810 τόδ’
910 759 1094 827 ἡμέρας
1123 761 1279 828 ἁγνὸν
1309 760 1475 827 δέμας·

358 842 446 893 οὐκ
476 841 586 894 οἶδα
615 840 794 909 πρᾶξιν
824 841 970 907 τήνδε
1001 844 1133 909 πλὴν
1162 846 1299 915 λόγῳ
1331 845 1493 898 κλύων
1794 916 1798 922 .

358 932 530 998 γραφῇ
559 947 614 978 τε
642 926 895 979 λεύσσων·
942 928 1056 981 οὐδὲ
1086 933 1239 981 ταῦτα
1266 930 1362 996 γὰρ
1394 935 1602 983 σκοπεῖν
1796 948 1897 988 1005

359 1010 610 1076 πρόθυμός
641 1011 754 1076 εἶμι,
788 1010 1037 1078 παρθένον
1065 1012 1241 1081 ψυχὴν
1273 1013 1420 1081 ἔχων.

360 1093 439 1145 καὶ
469 1093 527 1158 δὴ
557 1093 852 1162 τὸσῶφρον
882 1095 1066 1161 τούμὸν
1096 1096 1152 1148 οὐ
1181 1098 1340 1149 πείθει
1371 1097 1438 1148 σ’·
1484 1099 1589 1150 ἴτω·

359 1180 436 1230 δεῖ
462 1176 520 1243 δή
553 1199 614 1230 σε
643 1177 798 1243 δεῖξαι
828 1185 895 1249 τῷ
925 1181 1089 1250 τρόπῳ
1121 1180 1410 1248 διεφθάρην.

357 1262 543 1329 πότερα
571 1261 628 1314 τὸ
657 1265 811 1328 τῆσδε
844 1263 970 1329 σῶμ’
1002 1265 1387 1318 ε’καλλιστεύετο

358 1350 537 1398 πασῶν
566 1352 833 1413 γυναικῶν,·
881 1343 911 1412 ἢ
943 1347 1036 1400 σὸν
1065 1346 1289 1414 οἰκήσειν
1321 1350 1472 1415 δόμον
1793 1368 1899 1397 1010

358 1428 604 1496 ἔγκληρον
635 1429 780 1495 εὐνὴν
810 1432 1123 1498 προσλαβὼν
1155 1431 1438 1497 ἐπήλπισα,·

357 1512 566 1578 μάταιος
596 1513 672 1580 ἆρ’
702 1512 777 1578 ἦν,
814 1515 1026 1580 οὐδαμοῦ
1055 1518 1148 1581 μὲν
1179 1517 1265 1568 οὖν
1297 1522 1511 1584 φρενῶν.

359 1596 474 1648 ἀλλ’
507 1596 573 1651 ὡς
601 1603 859 1665 τυραννεῖν
888 1599 1002 1663 ἡδύ,·
1048 1605 1184 1652 τοῖσι
1216 1601 1481 1668 σώφροσιν

356 1680 539 1745 ἥκιστά
566 1680 630 1748 γ’,
664 1683 706 1734 εἷ
734 1681 802 1747 μὴ
833 1684 920 1736 τὰς
952 1682 1140 1750 φρένας
1171 1683 1435 1751 διέφθορεν

358 1767 546 1830 θνητῶν
577 1766 780 1817 ὅσοισιν
810 1765 1008 1819 ἁνδάνει
1036 1769 1299 1836 μοναρχία.
1791 1785 1894 1824 10¹5

357 1849 455 1915 ἐγὼ
486 1847 529 1900 δ’
560 1850 754 1916 ἀγῶνας
783 1852 876 1915 μὲν
907 1855 1101 1917 κρατεῖν
1130 1850 1458 1916 Ἑλληνικοὺς

355 1937 549 2000 πρῶτος
579 1932 768 1998 θέλοιμ’
801 1933 876 1992 ἄν,
912 1935 966 1986 ἐν
996 1935 1144 1987 πόλει
1173 1938 1225 1988 δὲ
1255 1936 1479 2004 δεύτερος

356 2016 450 2069 σὺν
478 2020 582 2070 τοῖς
612 2017 834 2084 ἀρίστοις
866 2017 1088 2086 εὐτυχεῖν
1120 2019 1196 2071 ἀεὶ
1227 2021 1413 2087 φίλοις.

355 2099 606 2168 πράσσειν
636 2120 691 2153 τε
721 2103 816 2169 γὰρ
846 2101 1073 2169 πάρεστι,
1109 2103 1330 2157 κίνδυνός
1359 2104 1401 2155 τ’
1432 2105 1571 2157 ἀπὼν

356 2186 573 2252 κρείσσω
605 2186 778 2237 δίδωσι
808 2189 896 2251 τῆς
927 2187 1211 2253 τυραννίδος
1240 2186 1403 2255 χάριν.
1789 2205 1894 2233 1020

228 2301 693 2410 0033⁷<'5;'22‘2“‘1v}⁰1{f¹
829 2305 942 2398 1333
965 2302 1250 2400 ,ῗῖἔὲῧέλλω
1271 2304 1554 2402 Ὺζὲῗᾞῗῗὸῖ
1564 2306 1894 2400 ᾆιᾶἶῶγγέῐὶὶέἔ

341 2388 350 2397 .
394 2375 433 2398 Ἐ
1446 2379 1467 2401 U
1712 2392 1721 2401 ·

231 2411 368 2462 (αὑτὸς
411 2413 462 2463 Σ)
623 2412 758 2464 φίλοις
794 2413 928 2453 VLP
949 2426 958 2451 t
1007 2413 1126 2467 φίλος
1173 2413 1215 2452 Μ
1230 2413 1330 2455 ΑΒ.
1411 2415 1651 2465 Utrumque
1690 2420 1721 2458 Σ
1760 2421 1803 2454 et
1843 2415 1894 2454 Β2

232 2478 337 2506 1002
382 2465 431 2519 ᾧ]
470 2465 515 2508 οῧ
548 2467 763 2506 Tournier
798 2466 862 2519 (ἐν
897 2467 928 2520 ᾧ
957 2498 966 2507 .
1001 2498 1010 2508 .
1042 2498 1052 2509 .
1081 2472 1286 2522 ληφθῆναι
1319 2471 1368 2516 Σ)
1496 2469 1625 2520 ἑλεῖν]
1661 2469 1774 2521 ἔχειν
1805 2470 1893 2509 VL

232 2533 335 2570 1003
365 2520 491 2574 ἁγνὸν
511 2524 552 2563 ἐς
571 2539 610 2563 τ.
633 2523 673 2571 ἡ.
697 2521 817 2573 δέμας
838 2523 938 2563 Chr.
961 2522 1048 2563 Pat.
1072 2533 1148 2571 521
1295 2536 1399 2573 1004
1430 2526 1501 2565 οὐκ
1523 2524 1564 2562 Μ
1579 2523 1646 2562 A:
1677 2526 1774 2565 κούκ
1801 2525 1891 2564 rell.

232 2585 336 2624 1005
365 2574 479 2617 ταῦτ’
503 2577 608 2629 ἄγαν
630 2576 862 2616 Kirchhoff
1024 2590 1126 2628 1007
1157 2579 1222 2619 κεῖ
1245 2579 1301 2629 μὴ
1322 2577 1362 2617 Α
1470 2581 1560 2620 ἴτω·
1588 2578 1767 2629 scripsi:
1795 2581 1893 2621 ἴσως

228 2630 352 2670 codd.
511 2642 611 2670 1011
645 2633 738 2685 εὐνῇ
761 2631 802 2671 Μ
823 2648 888 2685 γρ.
912 2631 965 2670 V²
988 2631 1126 2684 (εὐνὴν
1146 2633 1194 2683 Σ)
1358 2646 1462 2673 1012
1492 2635 1689 2684 κούδαμοῦ
1710 2632 1758 2682 L,
1780 2638 1893 2673 teste

228 2683 431 2732 Pultonio
542 2684 611 2726 οὖν
629 2685 717 2725 VB
734 2686 793 2725 L:
824 2699 905 2725 om.
930 2685 991 2726 P:
1020 2685 1071 2734 ἦν
1093 2685 1134 2724 Μ
1148 2686 1252 2726 Av2
1417 2691 1573 2741 φρενῶν
1594 2686 1817 2727 Markland
1838 2701 1893 2727 ex

226 2743 258 2783 Σ
282 2739 472 2792 (οὐδαμοῦ
499 2738 700 2781 συνέσεως
725 2740 819 2791 ἧν)ε
855 2744 1013 2793 φρονῶν
1039 2741 1160 2780 codd.
1331 2755 1436 2792 1013
1467 2742 1676 2781 Punctum
1696 2747 1793 2792 post
1814 2742 1892 2783 σώ-

227 2799 387 2846 φροσιν,
409 2806 494 2833 non
515 2799 612 2844 post
631 2795 706 2844 ἡδὺ
727 2796 848 2835 codd.
868 2810 878 2835 ε
908 2799 1005 2845 post
1023 2795 1100 2845 ἡδὺ
1119 2794 1299 2836 fortasse
1320 2809 1431 2836 unus
1452 2801 1483 2840 Σ
1680 2808 1783 2846 1014
1812 2796 1892 2837 διέ-

227 2851 387 2900 φθειρεν
409 2847 450 2887 Μ
475 2848 655 2897 (ἥκω-τα·
686 2851 783 2900 τιμὴ
802 2849 940 2901 Weil)
1181 2851 1286 2889 1016
1319 2855 1478 2904 κρατῶν
1497 2849 1558 2892 V:
1597 2867 1662 2904 γρ.
1685 2853 1848 2904 κρατεῖν
1867 2864 1891 2889 v

231 2913 338 2950 1019
378 2919 428 2943 τε
459 2903 539 2957 ’γὰρ
573 2902 745 2943 MBO:
795 2905 873 2957 γὰρ
909 2903 952 2944 εὖ
992 2903 1084 2946 rell.
1127 2910 1169 2945 et
1207 2910 1238 2949 Σ
1383 2906 1421 2946 τ’
1463 2904 1639 2944 MAB:
1683 2906 1717 2946 δ’
1757 2904 1891 2944 VLP

233 2968 337 2995 1020
365 2955 460 3008 τῆς]
481 2961 567 2999 τοῖς
590 2957 631 2996 Μ

336 3036 438 3064 Eua.
462 3037 488 3065 ι.
1679 3024 1729 3070 15
