2118 3366
799 119 1302 169 ΑΝΔΡΟΜΑΧΗ

348 247 544 300 ἑκόντες
575 245 662 298 οὐκ
693 245 912 305 ἄκοντες,
947 247 1059 299 οὐδὲ
1088 248 1274 313 βώμιοι

347 331 622 389 πίτνοντες,
656 331 796 382 αὐτοὶ
826 329 918 394 τὴν
950 332 1089 394 δίκην
1118 328 1370 397 ὑφέξομεν

347 414 401 464 ἐν
431 418 573 481 σοῖσι
602 418 868 481 γαμβροῖς,
902 414 1035 464 οἶσιν
1066 414 1151 464 οὐκ
1183 413 1446 466 ἐλάσσονα

344 495 558 562 βλάβην
586 497 780 563 ὀφείλω
812 497 1125 565 προστιθεῖσ’
1157 499 1409 550 ἀπαιδίαν.
1812 505 1893 558 360

342 579 485 645 ἡμεῖς
512 583 606 646 μὲν
637 580 724 631 οὖν
754 583 957 633 τοιοίδε·
1003 584 1091 646 τῆς
1122 584 1175 633 δὲ
1207 586 1301 646 σῆς
1333 581 1590 650 φρενὸς-

346 663 402 715 ἔν
433 685 527 716 σου
558 662 770 716 δέδοικα·
821 667 902 716 διὰ
933 667 1217 732 γυναικείαν
1249 665 1353 732 ἔριν

346 749 425 799 καὶ
454 747 545 812 τὴν
574 747 818 801 τάλαιναν
853 749 1051 802 ὤλεσας
1081 754 1293 817 Φρυγῶν
1322 751 1489 802 πόλιν.

217 833 308 882 Χο.
343 830 472 899 ἄγαν
503 830 681 896 ἔλεξας
713 832 779 886 ὦς
809 832 932 899 γυνὴ
966 833 1086 900 πρὸς
1117 832 1348 900 ἄρσενας,
1863 904 1865 906 V

345 904 429 966 καί
455 937 547 968 σου
578 915 635 967 τὸ
667 922 880 984 σῶφρον
911 915 1230 981 ἐξετόξευσεν
1262 918 1461 984 φρενός.
1815 923 1892 975 365

218 1000 317 1050 Με.
343 999 505 1066 γύναι,
540 998 646 1052 τάδ’
683 1002 794 1052 ἐστὶ
826 1003 1011 1068 σμικρὰ
1042 1002 1121 1053 καὶ
1150 1003 1425 1069 μοναρχίας

345 1081 431 1133 οὐκ
461 1082 575 1148 ἄξι’,
610 1083 675 1137 ὡς
711 1086 826 1156 φῄς,
859 1088 947 1148 τῆς
976 1087 1096 1150 ἐμῆς
1128 1085 1228 1135 οὐδ’
1260 1085 1527 1139 Ἑλλάδος.

349 1167 403 1217 εὗ
434 1166 476 1218 δ’
505 1167 626 1226 ἴσθ’,
663 1170 778 1219 ὅτου
809 1189 884 1221 τις
914 1167 1153 1236 τυγχάνει
1182 1171 1357 1236 χρείαν
1388 1169 1535 1238 ἔχων,

345 1250 477 1302 τοῦτ’
508 1251 617 1303 ἔσθ’
650 1251 846 1321 ἑκάστῳ
876 1253 1044 1317 μεῖζον
1075 1248 1105 1316 ἢ
1135 1255 1323 1320 Τροίαν
1354 1257 1506 1305 ἑλεῖν.

346 1335 483 1402 κάγὼ
514 1335 995 1403 θυγατρί--μεγάλα
1024 1338 1121 1403 γὰρ
1151 1338 1297 1404 κρίνω
1328 1337 1461 1396 τάδε,
1814 1352 1893 1394 370

343 1417 527 1486 λέχους
559 1419 1169 1487 στέρεσθαι--σύμμαχος
1200 1423 1515 1486 καθίσταμαι.

341 1504 403 1554 τὰ
435 1505 526 1568 μὲν
558 1505 653 1570 γὰρ
685 1503 820 1555 ἄλλα
850 1504 1035 1571 δεύτερ’
1066 1504 1127 1555 ἂν
1158 1505 1351 1572 πάσχοι
1380 1503 1521 1572 γυνή,

344 1586 521 1652 ἀνδρὸς
552 1587 594 1637 δ’
626 1587 961 1654 ἁμαρτάνουσ’
993 1588 1263 1655 ἁμαρτάνει
1291 1591 1426 1654 βίου.

344 1671 537 1722 δούλων
568 1670 611 1722 δ’
644 1674 835 1723 ἐκεῖνον
863 1677 962 1724 τῶν
992 1675 1124 1737 ἐμῶν
1155 1672 1327 1741 ἄρχειν
1355 1674 1520 1740 χρεὼν

345 1756 425 1806 καὶ
456 1760 556 1807 τῶν
588 1757 781 1808 ἐκείνου
810 1755 926 1809 τοὺς
958 1757 1120 1821 ἐμούς,
1152 1758 1282 1822 ἡμᾶς
1311 1779 1365 1809 τε
1395 1758 1534 1824 πρός·
1813 1771 1889 1814 375

342 1840 511 1905 φίλων
540 1841 636 1906 γὰρ
665 1839 807 1891 οὐδὲν
836 1842 978 1899 ἵδιον,
1014 1842 1194 1894 οἵτινες
1225 1843 1371 1908 φίλοι

337 1923 492 1989 ὀρθῶς
526 1923 795 1990 πεφύκασ’,
829 1925 964 1975 ἀλλὰ
994 1928 1132 1976 κοινὰ
1162 1924 1407 1992 χρήματα.

337 2006 501 2071 μένων
535 2009 589 2059 δὲ
618 2007 733 2062 τοὺς
765 2009 1000 2068 ἀπόντας,
1036 2011 1079 2060 εἰ
1107 2008 1174 2073 μὴ
1207 2008 1425 2074 θήσομαι

337 2090 449 2155 τᾶμ’
482 2091 548 2144 ὡς
576 2091 774 2158 ἄριστα,
812 2094 1007 2159 φαῦλός
1038 2094 1138 2158 εἰμι
1169 2094 1255 2144 κού
1286 2094 1466 2161 σοφός.

337 2174 454 2226 ἀλλ’
486 2174 730 2240 ἐξανίστω
764 2176 908 2228 τῶνδ’
941 2178 1227 2244 ἀνακτόρων
1258 2181 1389 2231 θεᾶς·
1812 2183 1888 2235 380

336 2258 416 2317 ὡς,
451 2255 514 2323 ἢν
545 2259 698 2332 θάνῃς
729 2261 808 2319 σύ,
848 2265 964 2315 παῖς
994 2260 1067 2312 ὅδ’
1100 2261 1336 2328 ἐκφεύγει
1364 2262 1535 2328 μόρον,

336 2347 430 2394 σοῦ
459 2343 502 2394 δ’
534 2345 590 2396 οὗ
621 2345 869 2409 θελούσης
905 2349 1180 2404 κατθανεῖν,
1214 2346 1357 2397 τόνδε
1387 2350 1558 2398 κτενῶ.

334 2430 469 2479 δυοῖν
500 2427 542 2478 δ’
574 2427 763 2495 ἀνάγκη
796 2428 984 2499 θατέρῳ
1015 2433 1182 2481 λιπεῖν
1212 2431 1346 2495 βίον.

260 2553 340 2592 357
370 2544 409 2583 οἱ
427 2544 572 2595 βώμιοι
594 2544 765 2583 videtur
785 2544 984 2584 habuisse
1004 2550 1036 2588 Σ
1214 2547 1297 2595 358
1326 2546 1545 2587 πίπτοντες
1567 2544 1602 2583 Β
1617 2545 1655 2584 O
1781 2548 1883 2593 αὐτῆ

209 2595 441 2637 Kirchhoff
646 2600 729 2648 360
758 2599 948 2640 ἀπαιδίαν
965 2598 1006 2638 Α
1020 2600 1053 2638 L
1071 2599 1106 2639 Ρ
1124 2616 1190 2654 γρ.
1218 2600 1254 2639 Β
1274 2617 1340 2653 γρ.
1365 2600 1428 2640 V:
1461 2600 1661 2648 ἀβουλίαν
1681 2599 1723 2638 Μ
1738 2599 1776 2638 v
1790 2600 1826 2639 B
1841 2588 1880 2639 ό

206 2650 396 2702 (ἆκυμίαν
436 2652 666 2705 Headlam)
890 2655 973 2704 362
1021 2654 1065 2696 ἕν
1105 2671 1178 2696 σου
1218 2656 1345 2695 etiam
1385 2660 1445 2698 Σε
1494 2654 1537 2695 ἕν
1574 2671 1649 2694 που
1691 2653 1884 2705 Scaliger

203 2707 285 2755 363
314 2707 486 2758 Δίδυμος
504 2708 708 2761 μέμφεται
728 2712 829 2750 πᾶσι
848 2710 974 2763 (τρισὶ
990 2709 1177 2761 Verrall)
1194 2710 1354 2751 τούτοις
1375 2715 1407 2753 Σ
1518 2708 1641 2750 πόλιν
1655 2714 1820 2762 Φρυγῶν
1839 2710 1881 2748 Α

203 2760 285 2809 365
316 2761 576 2814 ἐξετόξευσας
597 2763 760 2813 Seager
956 2775 1036 2816 372
1066 2763 1223 2816 πάσχοι
1245 2764 1387 2803 Haun.
1414 2770 1457 2803 et
1477 2764 1556 2804 v.1.
1580 2763 1623 2801 in
1646 2763 1704 2803 P:
1736 2763 1880 2818 πάσχῃ

204 2814 294 2855 rell.
326 2816 395 2863 (ἃν
421 2816 567 2869 πάσχῃ
599 2817 873 2870 musgrave—>2
904 2816 1049 2872 πάσχῃ
1080 2835 1133 2858 -ει
1163 2824 1207 2857 et
1236 2835 1290 2859 -οι
1320 2818 1489 2857 codices
1521 2817 1698 2857 Stobaei
1729 2831 1792 2868 74.
1827 2831 1880 2868 23

202 2869 284 2919 383
314 2869 470 2923 ἀνάγκη
492 2871 526 2910 L
540 2859 589 2910 ΡΣ
607 2889 671 2926 γρ.
690 2879 722 2916 Σ
735 2873 774 2911 V
793 2888 802 2912 :
833 2873 1028 2926 ἀνάγκαιν
1047 2873 1072 2922 ἢ
1096 2874 1169 2926 (ex
1191 2872 1387 2926 ἀνάγκαιν
1406 2871 1701 2924 suprascripto
1722 2871 1879 2925 ἀνάγκη

202 2925 314 2976 orta)
338 2925 427 2963 fere
447 2925 537 2965 rell.
565 2926 753 2980 (ἀνάγκιν
775 2927 830 2980 Ρ)
