2118 3366
813 122 1280 170 ΙΠΠΟΛΎΤΟΣ

333 250 570 319 ἄφθογγα
599 251 641 302 δ’
672 249 843 303 αὗταῖς
874 251 1268 316 συγκατοικίζειν
1297 249 1419 315 δάκη

332 338 510 401 θηρῶν,
544 334 606 386 ἵν’
637 334 776 401 εἶχον
806 332 930 399 μήτε
959 338 1284 400 προσφωνεῖν
1314 354 1423 386 τινα

329 416 443 484 μήτ’
475 417 534 483 ἐξ
560 419 763 470 ἐκείνων
794 415 1000 485 φθέγμα
1029 415 1270 481 δέξασθαι
1299 417 1468 469 πάλιν.

331 506 420 554 νῦν
449 501 493 553 δ’
523 501 573 554 αἳ
601 504 692 567 μὲν
724 501 868 554 ἔνδον
897 495 1122 568 Τδρῶσιν
1153 503 1203 553 αἱ
1233 496 1420 554 κακαὶῨ
1451 503 1575 553 κακὰ

328 584 650 652 βουλεύματ’,
683 583 778 650 ἔξω
809 585 851 636 δ’
883 584 1153 652 ἐκφέρουσι
1182 586 1482 653 πρόσπολοι.
1792 590 1875 643 650

415 669 481 724 ὦς
512 669 591 721 καὶ
623 690 688 722 συ
715 668 763 737 γ’
794 669 911 735 ἡμῖν
940 670 1140 736 πατρός,
1176 666 1213 720 ὡ
1246 669 1396 722 κακὸν
1429 669 1566 738 κάρα,

327 743 551 821 λέκτρων
581 754 795 806 ἀθίκτων
825 752 978 818 ἦλθες
1009 755 1060 807 ἐς
1092 752 1433 821 συναλλαγάς·

327 838 434 906 ἁγὼ
462 839 627 906 ῥυτοῖς
657 841 928 904 νασμοῖσιν
959 836 1303 905 ἐξομόρξομαι,

327 923 388 976 ἐς
410 919 512 974 ὦτα
541 921 748 986 κλύζων.
838 927 942 976 πῶς
972 921 1033 974 ἂν
1063 922 1149 974 οὖν
1180 924 1286 988 εἵην
1318 922 1480 981 κακός,

326 1004 382 1060 ὃς
411 1005 512 1057 οὐδ’
545 1005 761 1059 ἀκούσας
790 1005 946 1058 τοιάδ’
978 1006 1206 1073 ἁγνεύειν
1237 1009 1389 1067 δοκῶ,ο
1790 1010 1871 1062 655

327 1089 381 1142 εὖ
411 1089 453 1142 δ’
483 1091 616 1149 ἴσθι,
642 1090 825 1156 τούμόν
857 1090 906 1140 σ’
940 1090 1152 1156 εὐσεβὲς
1184 1087 1344 1161 σῴζει,
1377 1092 1538 1158 γύναι·

329 1174 374 1226 εἰ
399 1173 467 1239 μὴ
498 1175 594 1242 γὰρ
624 1174 787 1242 ὅρκοις
817 1177 943 1227 θεῶν
975 1174 1227 1242 ἄφρακτος
1256 1173 1455 1248 ᾑρέθην,

327 1255 413 1309 οὐκ
444 1257 505 1310 ἄν
534 1257 644 1310 ποτ’
676 1258 836 1327 ἔσχον
865 1258 932 1324 μὴ
965 1259 1021 1311 οὐ
1050 1258 1154 1310 τάδ’
1186 1258 1401 1324 ἐξειπεῖν
1431 1259 1596 1326 πατρί.

324 1346 412 1394 νῦν
441 1341 484 1394 δ’
514 1344 568 1394 ἐκ
598 1342 762 1408 δόμων
791 1341 900 1408 μέν,
935 1342 1039 1396 ἔστ’
1069 1341 1131 1394 ἂν
1161 1342 1370 1409 ἔκδημος
1398 1343 1582 1412 χθονὸς

328 1426 547 1491 Θησεύς,
580 1424 766 1492 ἄπειμι·
816 1431 939 1494 σῖγα
969 1426 1010 1479 δ’
1042 1425 1219 1493 ἕξομεν
1251 1428 1430 1493 στόμα.
1787 1432 1871 1473 660

325 1509 568 1576 θεάσομαι
599 1513 654 1563 δὲ
684 1510 778 1563 σὺν
808 1510 994 1578 πατρὸς
1023 1512 1194 1577 μολὼν
1224 1512 1340 1565 ποδὶ

323 1598 429 1649 πῶς
457 1615 535 1664 νιν
565 1595 808 1667 προσάψῃ
843 1596 923 1648 καὶ
957 1595 1022 1647 σὺ
1054 1596 1136 1648 καὶ
1165 1595 1405 1649 δέσποινα
1437 1595 1519 1662 σή·

324 1681 412 1745 τῆς
443 1682 539 1744 σῆς
568 1682 622 1732 δὲ
651 1681 839 1745 τόλμης
871 1682 1071 1745 εἵσομαι
1098 1680 1414 1748 γεγευμένος.

407 1765 630 1816 ὄλοισθε.
719 1769 884 1829 μισῶν
915 1764 956 1815 δ’
989 1764 1156 1818 οὔποτ’
1187 1764 1612 1832 ἐμπλησθήσομαι

322 1852 573 1915 γυναῖκας,
607 1847 709 1900 οὐδ’
740 1850 786 1900 εἴ
816 1849 951 1916 φησί
977 1850 1051 1902 τίς
1079 1849 1130 1914 μ’
1161 1849 1238 1901 ἀεὶ
1267 1848 1452 1916 λέγειν·
1787 1853 1867 1906 665

323 1932 400 1985 ἀεὶ
430 1934 526 1999 γὰρ
558 1932 644 1984 οὖν
673 1932 779 1987 πώς
808 1934 911 1984 εἶσι
942 1934 1163 1985 κάκεῖναι
1194 1934 1353 1985 κακαί.

318 2014 351 2082 ἥ
380 2016 470 2069 νύν
498 2038 574 2092 τις
605 2016 755 2070 αὐτὰς
785 2021 1067 2083 σωφρονεῖν
1098 2015 1361 2081 διδαξάτω,

321 2096 352 2165 ἢ
384 2099 496 2166 κᾶμ’
528 2099 655 2152 ἐάτω
683 2100 847 2153 ταῖσδ’
878 2102 1203 2167 ἐπεμβαίνειν
1234 2102 1327 2154 ἀεί.

196 2243 293 2294 Φα.
400 2239 614 2295 τάλανες
643 2238 681 2292 ὦ
714 2246 1003 2310 κακοτυχεῖς
1737 2237 1863 2310 [ἀντ.

403 2331 650 2393 γυναικῶν
679 2326 875 2391 πότμοι.

246 2442 328 2493 647
356 2441 462 2494 μηδὲ
481 2443 516 2482 L
531 2443 565 2482 P
586 2442 683 2496 (sed
703 2442 807 2494 μήτε
827 2443 928 2492 648)
1083 2443 1164 2493 648
1194 2440 1357 2495 δέξηται
1376 2442 1415 2482 V
1560 2443 1645 2493 649
1674 2456 1758 2484 om.
1783 2443 1817 2483 L
1832 2444 1866 2483 P

242 2513 341 2540 ωσιν
359 2502 634 2548 suspectum:
666 2499 706 2539 αἱ
724 2496 802 2548 μὲν
822 2497 1029 2540 δέσποιναι
1051 2498 1167 2539 ἔνδον
1184 2503 1451 2551 μηχανῶνται
1473 2498 1524 2539 τὰ
1544 2496 1650 2538 κακά
1668 2503 1700 2541 Σ
1724 2499 1865 2546 (νῶσιν

192 2501 329 2603 ὠείἰ)
443 2554 521 2602 651
546 2554 582 2594 εἴ
601 2553 665 2594 καὶ
689 2552 722 2591 I
738 2553 771 2591 P
789 2569 853 2606 γρ.
880 2551 916 2591 Β
1027 2554 1107 2601 654
1130 2555 1191 2601 εἴη
1214 2553 1276 2592 L.
1305 2565 1412 2593 corr.
1437 2552 1454 2591 l
1561 2553 1643 2601 656
1664 2551 1808 2603 σώζειν
1825 2554 1865 2592 V

191 2608 272 2659 657
303 2607 410 2661 ἄφαρ
411 2623 506 2649 κτος
524 2606 710 2647 Dindorf
813 2605 962 2677 ῃρέθην
983 2606 1163 2646 Pierson
1178 2620 1203 2646 e
1219 2612 1250 2651 Σ
1268 2607 1520 2660 (ἐλήφθηνᾘ
1552 2606 1716 2659 εὑρέθην
1736 2607 1859 2649 codd.

191 2663 275 2712 658
307 2624 436 2714 ἔσχον
453 2661 492 2701 Α
506 2662 540 2701 L
555 2662 589 2701 P
609 2667 652 2701 et
671 2662 771 2703 fort.
794 2667 848 2706 Σ·
882 2661 1062 2714 ἐπέσχον
1084 2661 1125 2700 Μ
1138 2662 1178 2700 V
1190 2660 1226 2700 B
1337 2663 1394 2712 μὴ
1413 2661 1503 2703 τάδ’
1527 2661 1561 2700 L
1575 2661 1610 2700 P
1720 2663 1861 2716 πατρί]

192 2717 297 2759 κακὰ
311 2732 380 2780 γρ.
403 2717 525 2772 πατρί
545 2716 587 2756 Μ
731 2718 813 2766 659
843 2719 995 2771 ἐκδημῇ
1019 2716 1254 2756 Hermann.
1308 2717 1370 2758 Cf.
1392 2716 1638 2756 Atticistarn
1660 2716 1861 2756 Reitzen-

191 2771 355 2822 steinii,
384 2783 425 2822 p.
459 2785 484 2821 4
517 2771 733 2822 (Rostock
767 2773 889 2822 1892)
1055 2772 1150 2823 659,
1174 2773 1258 2810 660
1287 2772 1444 2821 Θησεὺς
1472 2770 1621 2824 χθονός
1648 2771 1688 2810 V
1720 2771 1860 2811 Haun.

190 2827 272 2876 665
301 2826 426 2879 φήσει
446 2825 485 2864 V
506 2826 651 2868 Haun.
856 2827 940 2865 666
966 2826 1046 2880 γὰρ
1067 2827 1191 2868 οὕτως
1212 2826 1330 2867 Stob.
1357 2838 1421 2876 73.
1447 2838 1473 2876 3
1665 2827 1747 2876 669
1773 2834 1860 2868 Φαι.

191 2835 421 2931 A132‘p(ve1
461 2879 535 2934 13¹)
570 2886 629 2925 2:
677 2888 772 2935 Χορ.
820 2843 1046 2931 Μ’ΧῙΙ.ὙΙ),ρ
1075 2880 1295 2920 Phaedrae
1334 2886 1434 2920 nota
1471 2893 1508 2920 v.
1552 2882 1633 2930 672
1671 2882 1860 2931 praefixa

191 2934 381 2977 τάλαινες
402 2935 521 2975 codd.
546 2949 555 2975 :
585 2952 598 2977 ι
619 2949 786 2976 erasum
809 2936 853 2974 in
873 2935 913 2974 A
928 2935 962 2974 B
978 2935 1012 2973 L
