2118 3366
759 141 1262 191 ΑΝΔΡΟΜΑΧΗ

305 268 485 335 φίλημ’
517 268 686 334 ἐδέξω,
718 270 952 336 προδότιν
984 268 1239 322 αἷκάλλων
1271 271 1405 330 κύνα,
1624 262 1628 275 ’
1766 279 1850 332 630

303 352 481 417 ἥσσων
511 354 745 421 πεφυκὼς
776 354 1040 420 Κύπριδος,
1074 352 1112 405 ὦ
1144 352 1348 406 κάκιστε
1377 355 1456 406 σύ.

305 435 493 489 κᾶπειτ’
525 440 577 491 ἐς
607 438 769 490 οἴκους
798 442 895 488 τῶν
927 440 1055 502 ἐμῶν
1090 437 1250 488 ἐλθὼν
1277 436 1463 490 τέκνων

302 524 503 587 πορθεῖς
532 521 775 579 ἀπόντων,
811 521 889 572 καὶ
920 525 1129 586 γυναῖκα
1159 524 1378 588 δυστυχῆ

305 605 509 657 κτείνεις
538 604 724 669 ἀτίμως
754 603 906 655 παῖδά
936 603 996 663 θ’,
1029 602 1083 657 ὃς
1115 603 1350 656 κλαίοντά
1381 626 1443 657 σε

303 686 382 738 καὶ
410 687 500 751 τὴν
533 689 585 739 ἐν
615 689 768 741 οἴκοις
798 687 896 751 σὴν
928 686 1235 752 καταστήσει
1266 689 1430 755 κόρην,
1764 696 1846 748 635

303 772 377 822 κεί
405 771 510 838 τρὶς
538 771 684 824 νόθος
712 770 921 838 πέφυκε.
1009 771 1254 826 πολλάκις
1284 771 1339 824 δέ
1365 793 1442 824 τοι

300 853 425 922 ξηρὰ
453 858 667 920 βαθεῖαν
696 858 791 922 γῆν
823 857 1025 920 ἐνίκησε
1055 863 1235 926 σπορᾷ,

299 938 437 990 νόθοι
467 960 522 991 τε
550 940 734 991 πολλοὶ
764 940 989 1007 γνησίων
1019 940 1290 1005 ἀμείνονες.

300 1021 416 1074 ἀλλ’
448 1023 702 1088 ἐκκομίζου
731 1027 900 1075 παῖδα.
991 1023 1156 1076 κύδιον
1185 1030 1390 1091 βροτοῖς

298 1105 486 1171 πένητα
512 1106 739 1174 χρηστὸν
768 1103 799 1171 ἢ
832 1106 980 1158 κακὸν
1012 1108 1091 1158 καὶ
1122 1109 1368 1160 πλούσιον
1762 1116 1844 1169 640

297 1177 530 1257 γαμβρδν
559 1195 817 1243 πεπᾶσθαι
848 1191 927 1242 καὶ
958 1192 1128 1258 φίλον·
1176 1191 1240 1243 σὺ
1275 1192 1317 1244 δ’
1348 1194 1491 1245 οὐδὲν
1523 1192 1580 1245 εἶ.

171 1276 263 1325 Χο.
299 1278 510 1341 σμικρᾶς
539 1274 624 1325 ἀπ’
655 1276 814 1343 ἀρχῆς
843 1280 1005 1329 νεῖκος
1038 1276 1314 1343 ἀνθρώποις
1343 1276 1472 1343 μέγα

296 1357 494 1424 γλῶσσ’
526 1359 785 1425 ἐκπορίζει·
831 1363 977 1410 τοῦτο
1005 1358 1049 1409 δ’
1081 1361 1127 1411 οἱ
1158 1360 1314 1427 σοφοὶ
1343 1366 1541 1428 βροτῶν

297 1438 700 1508 ἐξευλαβοῦνται,
732 1442 799 1508 μὴ
831 1444 1004 1510 φίλοις
1032 1443 1230 1511 τεύχειν
1259 1444 1376 1510 ἔριν.

171 1527 268 1577 Με.
293 1526 346 1577 τί
370 1525 474 1590 δῆτ’
506 1525 568 1578 ἂν
598 1528 755 1580 εἴποις
778 1526 891 1581 τοὺς
919 1526 1171 1594 γέροντας,
1208 1528 1272 1581 ὡς
1303 1529 1474 1595 σοφοί,
1758 1535 1838 1588 645

295 1610 374 1661 καὶ
403 1610 518 1664 τοὺς
549 1615 751 1678 φρονεῖν
782 1615 1047 1664 δοκοῦντας
1068 1609 1326 1677 οἘλλησίν
1354 1634 1500 1673 ποτε,·

294 1694 366 1745 ὅτ’
397 1693 465 1746 ὢν
496 1695 560 1746 σὺ
592 1694 793 1760 Πηλεὺς
825 1696 905 1746 καὶ
934 1696 1121 1762 πατρὸς
1152 1701 1348 1748 κλεινοῦ
1376 1696 1553 1763 γεγώς,

295 1781 440 1843 κῆδος
470 1777 721 1846 συνάψας,
754 1781 943 1847 αἰσχρὰ
971 1782 1065 1844 μὲν
1097 1786 1262 1850 σαυτῷ
1291 1779 1460 1848 λέγεις

291 1863 407 1928 ἡμῖν
439 1862 480 1914 δ’
510 1865 674 1927 ὀνείδη
707 1865 787 1914 διὰ
817 1869 1025 1930 γυναῖκα
1055 1862 1336 1931 βάρβαρον,

289 1945 352 2011 ἣν
380 1950 509 2015 χρῆν
541 1947 590 1998 σ’
623 1947 850 1999 ἐλαύνειν
879 1946 1013 2012 τήνδ’
1044 1949 1167 2014 ὑπὲρ
1197 1950 1387 2000 Νείλου
1415 1950 1535 2016 ῥοὰς
1753 1956 1834 2006 650

288 2029 411 2098 ὑπέρ
440 2052 495 2082 τε
526 2035 710 2090 Φᾶσιν,
746 2032 868 2096 κάμὲ
898 2037 1205 2098 παρακαλεῖν
1236 2033 1328 2091 ἀεί,

292 2114 449 2166 οὖσαν
478 2117 570 2180 μὲν
600 2115 882 2182 ἠπειρῶτιν,
916 2115 973 2166 οὗ
1002 2115 1268 2182 πεσήματα

288 2198 489 2251 πλεῖσθ’
520 2198 771 2253 Ἑλλάδος
801 2198 1030 2252 πέπτωκε
1060 2203 1288 2266 δοριπετῆ
1320 2206 1520 2268 νεκρῶν,

287 2287 373 2334 τοῦ
404 2288 496 2334 σοῦ
525 2286 579 2335 δὲ
609 2283 782 2337 παιδὸς
812 2285 1016 2349 αἵματος
1047 2284 1380 2350 κοινουμένην.

286 2365 447 2434 Πάρις
477 2367 588 2434 γάρ,
622 2367 676 2421 ὃς
707 2368 800 2420 σὸν
830 2368 962 2420 παῖδ’
994 2368 1170 2436 ἔπεφν’
1200 2368 1462 2437 Ἀχιλλέα,
1749 2376 1828 2427 655

276 2448 520 2519 εΈκτορος
549 2451 769 2518 ἀδελφὸς
798 2451 874 2516 ἧν,
909 2451 1067 2520 δάμαρ
1098 2452 1139 2504 δ’
1169 2452 1245 2517 ἥδ’
1267 2451 1525 2519 ’Έκτορος

284 2535 362 2586 καὶ
391 2534 508 2608 τῇδέ
536 2537 585 2603 γ’
617 2535 822 2608 εἶσέρχῃ
853 2536 917 2588 σὺ
947 2535 1126 2588 ταύτὸν
1157 2538 1227 2591 εἷς
1257 2536 1438 2604 στέγος

282 2618 361 2670 καὶ
390 2617 720 2687 ξυντράπεζον
749 2619 907 2685 ἀξιοῖς
939 2621 1074 2688 ἔχειν
1102 2621 1236 2686 βίον,
1273 2671 1275 2674 ⁴

208 2735 291 2784 636
318 2736 404 2788 τρὶς
425 2735 467 2774 Μ
483 2736 518 2775 Β
535 2750 560 2775 v
578 2754 642 2790 γρ.
664 2736 706 2775 Α
727 2752 736 2776 :
766 2754 828 2779 τις
850 2737 939 2776 rell.
1119 2737 1200 2787 637
1231 2738 1362 2791 σπορὰ
1382 2750 1408 2776 v
1579 2738 1661 2787 639
1689 2736 1825 2779 κύδιον

155 2787 238 2827 LP
265 2795 308 2828 et
338 2790 457 2830 Stob.
489 2804 552 2840 72.
589 2804 667 2841 14:
706 2792 899 2833 κύδιστον
929 2790 1018 2830 rell.
1194 2793 1276 2842 645
1317 2792 1379 2833 τίς
1408 2822 1419 2832 .
1443 2821 1452 2831 .
1479 2821 1488 2831 .
1526 2794 1629 2832 εἴποι
1660 2792 1824 2831 Porson

153 2843 234 2893 647
265 2842 368 2884 Post
387 2845 429 2884 h.
444 2859 484 2885 v.
505 2846 697 2886 lacunam
717 2846 873 2895 Jacobs
892 2861 900 2886 :
933 2859 1021 2885 non
1042 2851 1074 2890 Σ
1224 2849 1307 2896 650
1335 2846 1448 2895 τήνδ’
1471 2845 1588 2899 ὑπὲρ]
1610 2846 1704 2894 τῆλ’
1726 2846 1823 2900 ὑπὲρ

155 2896 341 2939 Reiske:
371 2901 452 2951 γῆν
471 2901 546 2954 πρὸ
564 2904 642 2953 γῆς
661 2900 906 2941 Wecklein.
970 2900 1058 2940 Sed
1080 2900 1130 2940 cf.
1158 2913 1237 2951 710
1439 2902 1518 2950 651
1552 2901 1615 2941 ἀεί
1636 2901 1759 2942 codd.
1779 2906 1823 2940 et

152 2951 305 2993 lemma
325 2958 381 2998 Σε
413 2954 493 2995 ἔδει
514 2954 625 2994 Geel
791 2957 872 3006 654
903 2954 949 2997 δὲ
971 2955 1148 2995 Brunck
1169 2970 1178 2995 ε
1207 2973 1255 2996 τε
1276 2955 1396 2995 codda
1421 2958 1522 3007 (om.
1547 2954 1607 3007 A)
