2118 3366
168 262 243 311 Σι.

847 128 1169 176 ΚΎΚΛΩΨ

291 259 475 324 βαβαί·
519 260 760 328 χορεῦσαι
788 260 1072 324 παρακαλεῖ
1096 254 1148 321 μ’
1180 256 1207 306 ὁ
1236 253 1467 324 Βάκχιος.

292 342 463 394 ἆᾶἆ.

167 429 259 477 Οδ.
290 429 397 491 μῶν
424 424 511 477 τὸν
539 423 769 492 λάρυγγα
800 420 1059 487 διεκάναξέ
1088 445 1179 476 σου
1209 428 1394 485 καλῶς,·

168 513 242 561 Σι.

167 595 260 643 Οδ.

167 679 243 726 Σι.

167 761 258 812 Οδ.

167 845 243 894 Σι.

230 2676 307 2716 162
335 2675 549 2731 τυρεύματ’
567 2674 612 2730 ἢ]
637 2677 815 2731 τύρευμα
833 2679 898 2719 καὶ
913 2665 1205 2719 Wiiamowitz

292 508 413 560 ὥστ’
445 510 514 563 εἰς
545 507 721 575 ἄκρους
752 529 813 575 γε
841 507 954 562 τοὺς
984 509 1167 577 ὄνυχας
1196 508 1419 574 ἀφίκετο.

291 592 414 660 πρὸς
441 596 566 662 τῷδε
594 591 767 657 μέντοι
800 593 880 644 καὶ
910 592 1131 658 νόμισμα
1161 591 1402 658 δώσομεν.

291 675 430 744 χάλα
457 675 543 727 τὸν
575 674 734 728 ἀσκὸν
764 676 935 741 μόνον·
983 675 1040 727 ἔα
1069 675 1124 728 τὸ
1154 677 1381 744 χρυσίον.

291 758 542 827 ἐκφέρετέ.
561 780 647 812 νυν
678 759 936 827 τυρεύματ’
966 755 996 824 ἢ
1026 758 1201 826 μήλων
1230 760 1392 812 τόκον.

294 841 464 911 δράσω
495 842 616 903 τάδ’,
650 845 827 911 ὀλίγον
859 845 1135 911 φροντίσας
1164 865 1222 911 γε
1251 847 1525 896 δεσποτῶν.

296 926 363 981 ὡς
397 928 586 980 ἐκπιεῖν
617 927 664 995 γ’
695 927 757 980 ἂν
790 928 967 980 κύλικα
994 929 1260 994 μαινοίμην
1288 929 1422 993 μίαν,

295 1010 495 1064 πάντων
527 1012 817 1064 Κυκλώπων
850 1012 1074 1067 ἀντιδοὺς
1102 1010 1420 1079 βοσκήματα,

293 1096 445 1163 ῥῖψαι
473 1095 516 1147 τ’
548 1097 599 1149 ἐς
629 1095 795 1162 ἅλμην
825 1096 1074 1150 Λευκάδος
1104 1096 1285 1163 πέτρας
1315 1096 1427 1156 ἄπο,

295 1178 436 1246 ἅπαξ
458 1180 726 1246 μεθυσθεὶς
758 1181 1063 1247 καταβαλών
1092 1202 1146 1233 τε
1176 1183 1262 1235 τὰς
1292 1181 1465 1248 ὀφρῦς.

296 1263 363 1318 ὧς
392 1265 447 1319 ὅς
476 1285 535 1332 γε
567 1266 724 1318 πίνων
755 1264 822 1331 μὴ
854 1264 1039 1333 γέγηθε
1066 1267 1310 1331 μαίνεται·

297 1347 361 1401 ἵν’
394 1348 505 1401 ἔστι
535 1349 674 1401 τουτί
700 1348 743 1400 τ’
775 1349 922 1416 ὀρθὸν
952 1348 1271 1414 ἐξανιστάναι

296 1437 491 1499 μαστοῦ
519 1454 575 1485 τε
605 1433 822 1501 δραγμὸς
854 1435 934 1486 καὶ
964 1433 1437 1501 παρεσκευασμένου

295 1521 494 1584 ’ψαῦσαι
522 1523 694 1586 χεροῖν
724 1523 983 1584 λειμῶνος,
1016 1519 1264 1587 ὀρχηστύς
1293 1518 1337 1570 θ’
1369 1517 1469 1584 ἅμα

295 1606 461 1654 κακῶν
491 1623 547 1654 τε
575 1605 774 1667 λῆστις.
852 1602 938 1654 εἶτ’
969 1603 1068 1670 ἐγὼ
1100 1599 1200 1670 (οὐ)
1233 1601 1508 1669 κυνήσομαι

297 1686 488 1738 τοιόνδε
518 1690 680 1752 πῶμα,
714 1686 804 1751 τὴν
838 1687 1114 1741 Κύκλωπος
1145 1688 1358 1752 ἀμαθίαν

301 1771 493 1823 κλαίειν
525 1771 742 1823 κελεύων
775 1772 855 1824 καὶ
885 1770 972 1823 τὸν
1002 1771 1266 1839 ὀφθαλμὸν
1295 1770 1479 1838 μέσους

251 1924 263 1937 .
296 1884 447 1946 ἄκου’,
482 1886 753 1939 Ὀδυσσεῦ·
801 1886 1190 1953 διαλαλήσωμέν
1219 1887 1270 1938 τί
1298 1908 1396 1939 σοι.

248 2009 260 2022 .
294 1970 374 2022 καὶ
402 1970 500 2036 μὴν
534 1971 679 2039 φίλοι
709 1993 769 2039 γε
799 1971 1157 2040 προσφέρεσθε
1186 1971 1307 2039 πρὸς
1339 1971 1507 2038 φίλον.

252 2092 263 2105 .
297 2053 512 2121 ἐλάβετε
544 2057 732 2122 Τροίαν
764 2055 854 2126 τῂν
884 2055 1098 2121 Ἑλένην
1129 2077 1183 2108 τε
1211 2057 1431 2124 χειρίαν,·

242 2160 260 2189 ·.
295 2139 376 2191 καὶ
406 2138 568 2192 πάντα
598 2140 646 2207 γ’
680 2141 816 2193 οἶκον
849 2145 1141 2207 Πριαμιδῶν
1174 2139 1470 2208 ἐπέρσαμεν.

251 2261 261 2274 .
296 2223 487 2283 οὔκουν,
521 2224 691 2290 ἐπειδὴ
725 2224 816 2289 τὴν
846 2228 1011 2277 νεᾶνιν
1042 2226 1220 2284 εἵλετε,

301 2306 517 2362 ἅπαντες
547 2307 699 2373 αὐτὴν
732 2308 1070 2376 διεκροτήσατ’
1102 2311 1155 2362 ἐν
1184 2308 1338 2378 μέρει,

297 2393 411 2445 ἐπεί
435 2413 496 2460 γε
524 2398 737 2447 πολλοῖς
768 2394 938 2458 ἥδεται
968 2394 1279 2461 γαμουμένη;

294 2474 384 2540 τὴν
414 2477 662 2544 προδότιν,
687 2476 717 2542 ἣ
749 2478 863 2532 τοὺς
895 2477 1138 2532 θυλάκους
1167 2477 1280 2533 τοὺς
1310 2478 1564 2531 ποικίλους

297 2560 410 2627 περὶ
440 2566 545 2614 τοῖν
577 2567 785 2614 σκελοῖν
818 2564 994 2614 ἰδοῦσα
1026 2564 1106 2615 καὶ
1136 2562 1224 2615 τὸν
1253 2562 1471 2630 χρύσεον

1763 596 1844 638 160

1767 1016 1842 1067 ¹65

1768 1444 1845 1491 170

1769 1900 1844 1943 175

1768 2314 1845 2354 180

1376 2679 1452 2726 164
1474 2690 1564 2727 seq.
1597 2677 1746 2718 ἐκπιὼν
1767 2705 1776 2716 .
1795 2705 1807 2718 .
1830 2704 1840 2716 .

172 2727 283 2785 (μὴ)
314 2731 497 2774 ἀντιδοὺς
536 2761 548 2772 .
589 2762 599 2771 .
621 2761 650 2784 Υ.
693 2733 809 2786 ῥίψας
846 2733 1077 2773 Kirchhoff
1269 2733 1346 2772 166
1387 2731 1607 2784 Λευκάδος]
1649 2730 1846 2772 λισσάδος

173 2785 372 2837 Hartung
540 2787 618 2826 168
646 2787 824 2826 seclusit
844 2786 1133 2828 Wilamowitz
1315 2789 1391 2838 169
1419 2788 1588 2841 τούρθδν
1611 2786 1705 2837 LP,
1731 2798 1846 2825 corr.

172 2839 345 2880 Seidler
512 2854 586 2890 171
619 2841 852 2896 ὀρχηστύος
874 2843 907 2881 L
921 2841 967 2892 P,
990 2855 1095 2883 corr.
1121 2843 1283 2882 Canter
1453 2854 1529 2891 172
1561 2842 1642 2894 ἐγὼ
1663 2843 1708 2882 οὐ
1728 2841 1847 2889 κυνή-

173 2909 307 2947 σομαι,
331 2896 454 2938 οὕτως
470 2894 521 2944 ἦν
538 2899 581 2937 ἐν
596 2901 654 2948 τῷ
669 2901 827 2949 παλαιῷ
847 2897 905 2947 (h.
921 2910 957 2936 e.
974 2896 1019 2936 in
1037 2898 1090 2950 L)
1107 2911 1237 2946 marg.
1256 2910 1403 2947 apogr.
1425 2896 1558 2936 Paris.
1611 2895 1674 2936 Cf.
1695 2908 1733 2936 v.
1751 2907 1844 2945 553.

173 2949 261 2989 Sed
284 2951 365 3002 ἐγὼ
384 2950 607 3002 κυνήσομαι
631 2951 712 2999 LI?
732 2965 741 2990 :
781 2952 862 3004 ἐγὼ
890 2953 961 2992 οὐκ
988 2951 1192 3003 ὠνήσομαι
1212 2952 1429 3001 Tyrwhitt

171 3003 411 3054 Tyrwhitt:
443 3011 587 3045 notam
609 3019 693 3045 om.
717 3006 800 3045 LP
928 3007 1005 3055 176
1034 3007 1166 3059 φίλων
1186 3005 1229 3056 Ρ,
1256 3019 1363 3045 corr.
1380 3012 1413 3057 p

172 3058 415 3108 Tyrwhitt:
447 3060 582 3100 Sileni
602 3066 746 3100 notam
768 3060 926 3100 habent
948 3061 981 3099 L
996 3061 1030 3099 P

1656 2962 1732 3000 175
1771 2956 1844 2991 Χο.

1542 3017 1629 3055 177,
1661 3017 1739 3056 179
1768 3012 1841 3046 Χο.
