2118 3366
137 255 371 300 Γλαυκίνου
386 254 599 316 ἄρχοντος
615 254 701 303 ·Ι“τὸ
716 253 793 303 λά·
853 257 1023 313 πρῶτος
1040 250 1090 309 ἦν
1104 255 1347 312 Σοφοκλῆς,
1366 253 1563 313 δεύτερος
1580 255 1810 314 Εὐριπίδης

137 327 375 385 Κρήσσαις,
396 326 654 385 Ἀλκμαίωνι
682 331 742 388 τῷ
769 326 839 371 διὰ
860 327 1079 385 Ψωφῖδος,
1104 328 1306 384 Τηλέφῳ,
1330 324 1594 384 Ἀλκήστιδι.
1626 359 1638 372 .
1673 360 1683 371 .
1717 361 1728 373 .
1760 330 1810 372 τὸ

137 399 184 444 δὲ
205 399 344 458 δρᾶμα
367 399 663 458 κωμικωτέραν
683 401 774 456 ἔχει
794 399 872 455 τὴν
894 398 1213 458 καταστροφήν.
1275 398 1300 455 ἡ
1330 398 1461 455 σκηνὴ
1491 403 1567 444 τοῦ
1596 399 1810 458 δράματος

136 472 349 517 ὑπόκειται
370 473 416 517 ἐν
437 475 603 531 Φεραῖς,
627 475 702 530 μιᾷ
722 474 850 516 πόλει
876 473 952 528 τῆς
974 471 1224 517 Θετταλίας.
1287 471 1523 528 συνέστηκε
1554 471 1600 515 δὲ
1629 474 1653 515 ὁ
1680 474 1811 531 χορὸς

135 546 183 590 ἔκ
202 563 329 591 τινων
347 548 607 603 πρεσβυτῶν
627 545 847 602 ἐντοπίων,
865 543 906 588 οἳ
928 545 996 589 καὶ
1017 546 1323 603 παραγίνονται
1346 546 1703 603 συμπαθήσοντες
1718 548 1811 591 ταῖς
1837 557 1859 598 5

135 617 419 677 Ἀλκήστιδος
438 619 698 677 συμφοραῖς.
759 618 1008 676 προλογίζει
1030 619 1053 661 ὁ
1067 616 1242 663 ”Ηλιος.
1306 618 1429 666 ’Ϋεῖσὶ
1450 618 1497 662 δὲ
1518 616 1549 663 ε’
1572 619 1798 677 χορηγοί.’1“

195 693 253 735 Τὸ
284 691 331 735 δὲ
364 691 504 750 δρᾶμά
536 689 634 736 ε’στι
666 691 1021 749 σατυρικὼτερον,
1044 689 1108 734 ὅτι
1141 691 1199 736 εἷς
1230 692 1367 748 χαρὰν
1398 691 1465 734 καὶ
1497 689 1651 747 ἡδονὴν
1682 709 1810 736 κατα-

136 764 319 823 στρέφει
359 765 476 824 παρὰ
512 765 562 810 τὸ
598 766 812 823 τραγικόν.
888 764 1149 817 ἐκβάλλεται
1186 763 1243 809 ὡς
1278 762 1460 808 ἇνοίκεια
1500 766 1577 820 τῆς
1610 767 1812 823 τραγικῆς

134 837 347 895 ποιήσεως
363 836 389 882 ὅ
402 857 450 884 τε
463 835 672 897 Ὀρέστης
690 838 758 882 καὶ
777 834 1068 895 ἡ”Αλκηστις,
1084 839 1140 883 ὡς
1162 838 1208 882 ἐκ
1229 840 1461 896 συμφορᾶς
1481 838 1558 895 μὲν
1579 837 1811 897 ἀρχόμενα,

135 911 193 957 εἷς
229 909 499 968 εὐδαιμονίαν
532 910 580 956 δὲ
614 910 682 955 καὶ
715 912 855 970 χαρὰν
891 909 1096 968 λήξαντα,
1133 906 1218 973 (d)
1255 911 1351 956 ἐστι
1385 912 1556 968 μᾶλλον
1593 913 1811 972 κωμῳδίας

135 984 332 1043 ἐχόμενα.

195 1119 214 1146 Ι
245 1107 295 1148 τὸ
314 1114 343 1147 λ
364 1105 437 1160 (-
401 1125 437 1131 ·-
460 1104 514 1149 ολ
532 1119 713 1147 numero
734 1106 937 1158 omisso)]
961 1107 1205 1159 ὀλυμπιάδος
1225 1106 1287 1148 ‘tre'
1309 1107 1391 1149 ἔτει
1413 1106 1585 1179 δευτέρῳ
1602 1108 1811 1158 DIndorf3

134 1166 224 1201 tum
253 1161 367 1201 enim
395 1161 628 1202 Glaucinus
656 1161 833 1201 Archon
863 1162 941 1202 fuit
1072 1167 1229 1213 πρῶτος
1259 1193 1267 1202 .
1299 1162 1573 1217 ..δεύτερος
1604 1164 1813 1204 Dindorf:

134 1220 293 1269 πρῶτον
321 1246 331 1258 .
365 1216 641 1270 ..δεύτερον
659 1216 700 1256 V
895 1231 919 1256 2
950 1217 1163 1268 ἂλκμαίονι
1190 1221 1247 1258 τῶ
1276 1218 1511 1270 διαψωφίλω
1531 1218 1598 1258 V:
1627 1219 1813 1259 correxit

137 1270 325 1310 Dindorf
458 1271 672 1311 Lacunam
693 1271 896 1311 indicavit
921 1271 1176 1311 Kirchhoff.
1167 1287 1176 1295 ·
1196 1272 1294 1311 vide
1316 1272 1425 1312 infra
1440 1286 1478 1312 v.
1496 1274 1524 1311 6
1633 1286 1659 1323 3
1689 1290 1812 1316 κατα-

136 1325 321 1380 στροφήν
338 1338 553 1377 suprascr.
570 1325 649 1367 V¹.
679 1328 937 1376 κατασκευήν
956 1327 996 1366 V
1137 1338 1163 1377 5
1192 1330 1312 1368 ταῖς.
1373 1331 1629 1399 συμφοραῖς
1646 1329 1710 1367 B:
1738 1333 1813 1378 τῆς

207 1389 378 1433 ,συμφο
404 1384 450 1422 ἃς
467 1380 537 1420 V:
573 1384 679 1430 τῆς.
739 1386 964 1436 ,συμφορᾷ
994 1382 1142 1421 Haun.
1356 1384 1383 1421 6
1414 1381 1559 1424 ’Ἥλιος
1578 1383 1616 1421 V
1637 1382 1813 1424 Haun.:

136 1433 331 1477 ἀπόλλων
544 1437 660 1477 εἴσιδ’
692 1435 888 1490 ἔχορηγοί
916 1437 984 1476 V:
1025 1438 1103 1478 εἶσὶ
1134 1436 1179 1477 δὲ
1211 1437 1386 1500 χορηγοί
1417 1429 1559 1477 Haun.
1619 1437 1674 1477 Et
1708 1451 1812 1478 Sane

134 1489 336 1529 videntur
361 1490 548 1541 quinque
578 1491 878 1530 choreutarum
908 1505 1011 1541 prae
1039 1492 1194 1531 ceteris
1226 1493 1427 1540 eminere,
1457 1492 1506 1532 cl.
1531 1506 1600 1532 vv.
1619 1493 1674 1531 86
1693 1506 1789 1543 sqq.
1781 1522 1808 1542 .,

136 1556 218 1594 213
234 1557 322 1595 sqq.
316 1573 340 1595 .‚
359 1545 439 1595 872
454 1558 566 1595 sqq„
585 1546 666 1584 888
682 1558 780 1595 sqq.
826 1544 1022 1588 Ἰσίδοτος
1039 1547 1232 1600 ἐχορήγει
1251 1523 1447 1595 Dindor'f‚
1469 1547 1535 1586 his
1551 1547 1693 1587 verbis
1715 1554 1813 1598 post

134 1597 376 1648 Ἀλκήστιδι
397 1577 626 1650 colloca'tis‚
646 1600 718 1639 ubi
739 1600 933 1640 lacunam
951 1601 1225 1651 reliquimus:
1256 1602 1333 1640 sed
1354 1601 1407 1640 ab
1426 1601 1541 1640 Iside
1561 1615 1646 1641 non
1667 1603 1811 1653 appel-

136 1652 332 1694 labantur
342 1653 636 1694 Athenienses
649 1667 760 1695 saec.
770 1654 826 1693 V.
851 1656 1030 1707 (Τεισίας
1044 1655 1555 1708 ἐχορήγειλΝἰΜῐηοννὶἱ-Ζ)
1661 1658 1687 1696 8
1706 1658 1813 1711 παρὰ

134 1711 222 1750 τοῖς
240 1712 447 1761 τραγικοῖς
470 1711 558 1757 ἐκβ.
576 1710 698 1748 codd.
722 1724 731 1750 :
763 1722 871 1750 corr.
892 1710 995 1750 Leo.
1054 1711 1118 1750 Cf.
1141 1711 1286 1749 Schol.
1307 1710 1447 1752 Orest.
1470 1712 1571 1762 1691
1706 1713 1812 1753 ἀνοι-

135 1762 225 1805 κεία
245 1762 421 1803 Haun.·
411 1791 421 1803 .
449 1763 648 1807 ἀνοικείας
667 1764 708 1804 V
877 1777 927 1804 10
955 1764 980 1806 ἅ
999 1765 1094 1805 add
1118 1764 1342 1805 Hermann

1840 930 1889 960 10
