2118 3366
866 141 1304 191 ΕΥΡΙΠΙΔΟΥ

379 270 551 324 σώσας
582 292 637 322 τε
667 270 755 322 τὸν
785 270 925 335 ἐμόν,
960 270 1093 339 εἶχες
1122 270 1185 323 ἂν
1216 271 1370 323 καλὸν
1400 271 1563 326 κλέος·
1814 290 1918 331 1225

380 356 432 405 ἐν
463 358 565 407 τοῖς
599 358 765 407 κακοῖς
792 356 887 421 γὰρ
920 354 1099 422 ἁγαθοὶ
1130 354 1444 422 σαφέστατοι

378 439 538 503 φίλοι·
585 439 646 489 τὰ
674 439 872 505 χρηστὰ
905 437 947 488 δ’
978 437 1086 488 αὕθ’
1118 437 1286 490 ἕκαστ’
1316 438 1424 507 ἔχει
1455 441 1652 506 φίλους.

380 522 422 571 εἰ
453 520 495 571 δ’
527 520 788 584 ἐσπάνιζες
819 521 1104 589 χρημάτων,
1137 521 1165 572 ὃ
1196 521 1237 572 δ’
1269 521 1478 589 εὐτύχει,

380 604 627 670 θησαυρὸς
657 603 717 655 ἄν
748 626 833 655 σοι
865 609 981 657 παῖς
1009 604 1189 674 ὑπῆρχ’
1222 604 1370 670 οὑμὸς
1397 605 1569 673 μέγας·

381 692 467 738 νῦν
495 687 536 738 δ’
567 687 667 739 οὔτ’
697 690 886 739 ἐκεῖνον
920 687 1054 754 ἄνδρ’
1085 689 1219 756 ἔχεις
1252 694 1417 759 σαυτῷ
1449 691 1621 756 φίλον,
1813 706 1919 748 1230

378 775 569 837 χρυσοῦ
597 770 639 821 τ’
670 773 843 836 ὄνησις
877 773 1067 840 οἴχεται
1097 771 1268 825 παῖδές
1297 794 1352 824 τε
1384 773 1485 831 σοί,

380 853 526 907 αὐτός
557 876 612 906 τε
641 853 889 922 πράσσεις
921 856 1032 907 ὧδε.
1121 856 1205 908 σοὶ
1236 855 1278 907 δ’
1311 857 1410 923 ἐγὼ
1438 855 1590 923 λέγω,

381 936 710 1004 Ἀγάμεμνον,
745 941 788 990 εἶ
817 937 929 1008 τῷδ’
962 937 1205 1006 ἀρκέσεις,
1240 939 1386 993 κακὸς
1417 946 1570 1012 φανῇ·

380 1020 481 1072 οὔτ’
512 1022 699 1086 εὐσεβῆ
732 1024 826 1089 γὰρ
858 1022 970 1074 οὔτε
1003 1022 1184 1075 πιστὸν
1215 1024 1288 1077 οἷς
1318 1024 1488 1091 ἐχρῆν,

380 1105 473 1172 οὐχ
504 1106 662 1164 ὅσιον,
698 1105 754 1156 οὐ
784 1107 975 1158 δίκαιον
1007 1106 1059 1158 εὖ
1089 1105 1291 1173 δράσεις
1320 1105 1480 1171 ξένον·
1820 1124 1921 1165 1235

381 1188 530 1240 αὐτὸν
562 1192 614 1240 δὲ
644 1190 837 1257 χαίρειν
868 1195 971 1244 τοῖς
1007 1195 1172 1244 κακοῖς
1204 1193 1265 1242 σὲ
1298 1189 1531 1258 φήσομεν

380 1277 603 1324 τοιοῦτον
634 1275 754 1324 ὄντα
785 1313 795 1324 .
834 1313 845 1324 .
880 1313 892 1325 .
925 1275 1173 1328 δεσπότας
1204 1274 1245 1325 δ’
1278 1274 1335 1325 οὗ
1363 1278 1594 1341 λοιδορῶ.

255 1359 345 1406 Χο.
380 1361 476 1423 φεῦ
506 1361 617 1423 φεῦ·
664 1362 928 1424 βροτοῖσιν
961 1358 1024 1411 ὡς
1053 1360 1115 1408 τὰ
1145 1360 1347 1427 χρηστὰ
1378 1358 1643 1426 πράγματα

380 1446 614 1508 χρηστῶν
645 1443 875 1508 ἀφορμὰς
907 1441 1134 1493 ἐνδίδωσ’
1166 1444 1242 1494 ἀεὶ
1272 1442 1456 1510 λόγων.

255 1528 349 1592 Αγ.
384 1526 592 1593 ἀχθεινὰ
621 1524 714 1590 μέν
742 1547 828 1590 μοι
859 1526 1131 1592 τάλλότρια
1163 1527 1346 1593 κρίνειν
1378 1525 1515 1585 κακά,
1821 1542 1924 1582 1²40

382 1610 514 1674 ὅμως
545 1608 585 1660 δ’
617 1608 822 1675 ἀνάγκη·
873 1611 952 1662 καὶ
982 1611 1077 1676 γὰρ
1108 1611 1357 1678 αἰσχύνην
1388 1610 1547 1678 φέρει,

383 1692 567 1760 πρᾶγμ’
599 1695 650 1747 ἐς
679 1692 831 1760 χέρας
863 1694 1071 1759 λαβόντ’
1104 1695 1406 1745 ἀπώσασθαι
1435 1695 1566 1746 τόδε.

383 1778 491 1842 ἐμοὶ
522 1776 580 1835 δ’,
614 1776 676 1828 ἵν’
710 1779 855 1849 εἰδῇς,
891 1777 990 1828 οὔτ’
1023 1777 1145 1842 ἐμὴν
1177 1782 1336 1831 δοκεῖς
1365 1776 1515 1846 χάριν

382 1860 481 1911 οὔτ’
512 1861 596 1912 οὗν
627 1860 847 1930 Ἀχαιῶν
879 1861 1011 1927 ἄνδρ’
1043 1862 1329 1913 ἀποκτεῖναι
1358 1860 1518 1926 ξένον,

381 1945 497 1995 ἀλλ’
530 1945 594 1997 ὥς
626 1944 745 2016 ἔχῃς
775 1946 863 1997 τὸν
895 1945 1084 2012 χρυσὸν
1116 1948 1171 1996 ἐν
1201 1947 1400 2010 δόμοισι
1430 1950 1555 1999 σοῖς.
1821 1962 1924 2003 1245

383 2027 549 2095 λέγεις
579 2031 631 2080 δὲ
664 2034 830 2098 σαυτῷ
862 2029 1110 2096 πρόσφορ’
1142 2031 1198 2081 ἐν
1230 2034 1455 2081 κακοῖσιν
1484 2030 1567 2082 ὥν.

383 2112 496 2179 τάχ’
528 2113 614 2164 οὖν
645 2112 759 2179 παρ’
791 2114 905 2177 ὑμῖν
934 2111 1101 2182 ῥᾴδιον
1135 2111 1460 2177 ξενοκτονεῖν·

381 2197 497 2261 ἡμῖν
528 2195 580 2247 δέ
611 2196 656 2263 γ’
687 2196 901 2265 αἰσχρὸν
934 2201 1096 2249 τοῖσιν
1117 2195 1375 2262 “Ελλησιν
1405 2198 1535 2249 τόδε.

381 2286 485 2333 πῶς
515 2282 599 2332 οὖν
632 2302 694 2332 σε
725 2282 891 2347 κρίνας
922 2280 987 2345 μὴ
1022 2282 1207 2333 ἀδικεῖν
1237 2283 1380 2349 φύγω
1412 2283 1602 2349 ψόγον,’

383 2364 468 2415 οὐκ
498 2363 560 2415 ἂν
591 2365 844 2429 δυναίμην.
924 2365 1039 2416 ἀλλ’
1073 2365 1178 2416 ἐπεὶ
1207 2367 1269 2416 τὰ
1297 2366 1363 2431 μὴ
1397 2368 1525 2417 καλὰ
1820 2380 1928 2420 1²50

383 2448 632 2514 πράσσειν
663 2450 896 2514 ἐτόλμας,
930 2452 1076 2513 τλῆθι
1109 2450 1186 2500 καὶ
1215 2452 1275 2500 τὰ
1305 2449 1371 2514 μὴ
1402 2450 1546 2515 φίλα.

262 2536 362 2583 Πλ.
388 2533 534 2598 οἴμοι,
567 2533 814 2598 γυναικός,
854 2533 919 2585 ὡς
950 2532 1091 2600 ἔοιχ’,
1123 2533 1419 2599 ἡσσώμενος

385 2617 566 2681 δούλης
595 2615 766 2682 ὑφέξω
799 2622 902 2669 τοῖς
937 2618 1161 2668 κακίοσιν
1192 2618 1348 2682 δίκην.

263 2703 354 2766 Αγ.
388 2700 562 2751 οὔκουν
592 2701 804 2759 δικαίως,
845 2702 981 2766 εἴπερ
1014 2699 1233 2767 εἰργάσω
1265 2699 1413 2761 κακά,·

320 2819 423 2856 1226
453 2819 490 2858 οἱ
510 2818 641 2870 ’γαθοὶ
665 2817 698 2855 L
719 2832 728 2857 ε
759 2819 796 2858 οἴ
816 2819 956 2870 ἀγαθοὶ
978 2817 1068 2857 rell.
1212 2818 1457 2872 σαφέστεροι
1480 2817 1514 2856 L
1707 2829 1809 2867 1227
1841 2818 1928 2858 αὗθ·

264 2873 403 2914 ἕκαστ’
425 2873 461 2911 V
476 2873 510 2911 L
646 2885 749 2921 1244
781 2872 850 2913 οὖν
869 2885 951 2911 om.
974 2872 1008 2910 L
1157 2884 1260 2922 1245
1290 2873 1400 2925 ἔχεις
1423 2871 1563 2911 MVP
1586 2870 1713 2922 (corr.
1741 2870 1801 2910 M²
1815 2871 1899 2923 vp)
1918 2884 1927 2909 :

264 2927 374 2979 ἔχοις
391 2926 408 2964 l
549 2938 650 2976 1254
683 2926 889 2965 Hecubae
906 2926 1050 2965 tribuit
1067 2927 1114 2974 P,
1130 2926 1310 2966 sortasse
1325 2932 1442 2965 recte
1555 2928 1763 2978 εἴργασται
1780 2924 1928 2966 Schol.

263 2995 345 3075 ἷξε.
374 2980 504 3022 Hom.
529 2981 574 3021 11.
597 2981 687 3021 xiii.
711 2992 785 3030 153
810 2982 1014 3034 (εἴργασαι
1035 2980 1222 3030 Porson)
1345 2979 1468 3032 κακά]
1489 2979 1586 3021 τάδε
1608 2979 1642 3018 L
1656 2979 1695 3019 Ο
1717 2985 1760 3019 et
1783 2978 1929 3019 Schol.

315 3049 396 3077 om.
