2118 3366
886 134 1324 190 ΕΥΡΙΠΙΔΟΥ

478 264 541 317 δι’
570 265 672 318 ἅλα
700 266 873 335 νύχιον
905 268 986 336 ἐφ’
1017 272 1242 337 ἁλμυρὰν

562 350 746 403 πόντου
776 351 914 423 κλῇδ’
944 349 1242 419 ἀπέραντον..
1289 404 1292 411 ,

271 454 531 493 ΜΗΔΕῙΑ

396 531 654 597 Κορίνθιαι
683 537 926 599 γυναῖκες,
963 535 1177 600 ἐξῆλθον
1208 537 1389 605 δόμων,
1462 560 1468 564 ’

393 612 460 679 μή
490 616 581 680 μοί
604 636 652 667 τι
681 615 958 688 μέμφησθ’·
1005 617 1115 670 οἶδα
1145 622 1240 687 γὰρ
1270 619 1491 674 πολλοὺς
1520 624 1721 690 βροτῶν
1816 663 1819 666 »
1856 640 1934 680 215

395 698 608 763 σεμνοὺς
638 703 876 766 γεγῶτας,
909 701 1023 755 τοὺς
1053 705 1145 768 μὲν
1175 703 1408 769 ὀμμάτων
1439 702 1552 764 ἄπο,
1728 715 1730 718 ’
1812 717 1814 719 ’

391 782 505 835 τοὺς
535 781 577 833 δ’
608 784 661 834 ἐν
693 785 923 851 θυραίοις·
970 788 1017 838 οἱ
1049 786 1089 838 δ’
1119 787 1210 854 ἀφ’
1240 788 1435 856 ἡσύχου
1465 787 1616 842 ποδὸς

394 865 662 918 δύσκλειαν
693 866 965 932 ἐκτήσαντο
999 870 1077 922 καὶ
1106 872 1361 940 ῥᾳθυμίαν.

395 950 501 1013 δίκη
533 951 628 1016 γὰρ
658 950 744 1002 οὐκ
774 951 936 1004 ἔνεστ’
968 956 1031 1005 ἐν’
1052 956 1334 1021 ὀφθαλμοῖς
1362 960 1577 1022 βροτῶν,

393 1033 534 1086 ὅστις
564 1034 677 1100 πρὶν
709 1035 884 1102 ἀνδρὸς
917 1036 1218 1105 σπλάγχνον
1250 1041 1482 1104 ἐκμαθεῖν
1514 1044 1693 1106 σαφῶς
1794 1047 1812 1050 ”
1853 1059 1934 1087 220

393 1118 570 1180 στυγεῖ
596 1116 851 1182 δεδορκώς,
886 1116 1030 1169 οὐδὲν
1059 1117 1367 1184 ἠδικημένος.
1405 1160 1416 1172 .
1450 1161 1461 1173 .
1495 1162 1506 1174 .

389 1196 486 1264 χρὴ
518 1200 570 1249 δὲ
601 1197 746 1263 ξένον
776 1203 868 1265 μὲν
901 1200 1055 1267 κάρτα
1085 1209 1403 1272 προσχωρεῖν
1433 1207 1580 1258 πόλει
1609 1247 1621 1259 .
1655 1246 1667 1260 .
1698 1247 1710 1261 .

393 1283 493 1334 οὐδ’
531 1283 688 1336 ἀστὸν
715 1283 855 1356 ᾔνεσ’
888 1287 1027 1341 ὅστις
1058 1286 1271 1353 αὐθάδης
1301 1289 1462 1355 γεγὼς

395 1367 568 1434 πικρὸς
598 1371 827 1424 πολίταις
858 1372 998 1422 ἐστὶν
1029 1372 1238 1437 ἀμαθίας
1266 1373 1377 1425 ὕπο.

395 1452 505 1517 ἐμοὶ
535 1451 575 1503 δ’
607 1452 825 1505 ἄελπτον
856 1458 1060 1522 πρᾶγμα
1090 1456 1384 1522 προσπεσὸν
1413 1457 1528 1510 τόδε
1660 1484 1666 1490 ·’
1857 1474 1935 1513 225

392 1535 566 1604 ψυχὴν
597 1536 868 1604 ὃιέφθαρκ’·
914 1541 1113 1607 οἴχομαι
1145 1543 1197 1592 δὲ
1229 1542 1307 1593 καὶ
1337 1542 1452 1606 βίου

394 1620 540 1687 χάριν
569 1624 779 1686 μεθεῖσα
811 1627 1070 1676 κατθανεῖν
1100 1626 1282 1696 χρῄζω,
1315 1627 1480 1692 φίλαι.

395 1707 447 1756 ἐν
478 1702 514 1774 ᾧ
545 1706 639 1771 γὰρ
671 1704 731 1769 ἧν
760 1728 845 1771 μοι
875 1707 1036 1760 πάντα
1064 1710 1366 1775 γιγνώσκειν
1399 1714 1577 1769 καλῶς,

398 1787 628 1843 κάκιστος
659 1791 849 1856 ἀνδρῶν
879 1791 1127 1861 ἐκβέβηχ’
1157 1793 1305 1858 οὑμὸς
1335 1795 1497 1847 πόσις.

477 1872 678 1926 πάντων
707 1873 748 1925 δ’
781 1875 861 1926 ὅσ’
891 1875 996 1927 ἔστ’
1028 1876 1234 1946 ἔμψυχα
1266 1878 1343 1929 καὶ
1371 1878 1570 1945 γνώμην
1600 1878 1708 1946 ἔχει
1860 1894 1938 1935 230

395 1956 624 2023 γυναῖκές
656 1960 809 2023 ἐσμεν
840 1960 1148 2012 ἀθλιώτατον
1178 1963 1352 2028 φυτόν·

396 2042 453 2095 ἃς
482 2047 651 2108 πρῶτα
679 2045 771 2108 μὲν
801 2048 878 2096 δεῖ
903 2044 1170 2112 χρημάτων
1199 2047 1459 2119 ὑπερβολῇ

325 2171 401 2198 211
435 2158 575 2211 νύχιον
596 2161 716 2201 codd.
742 2166 862 2205 et‘z:
893 2161 1039 2213 μύχιον
1062 2163 1245 2212 Lenting
1429 2176 1508 2202 212
1539 2161 1763 2208 ἀπεράντου
1784 2162 1936 2202 Milton

270 2216 459 2262 214-226
507 2213 592 2253 ‘Ne
634 2217 946 2267 contempseritis
989 2231 1062 2256 me·
1093 2217 1208 2267 quod
1240 2218 1283 2256 in
1329 2217 1519 2270 indzjgnos
1565 2218 1760 2256 clamores
1805 2219 1938 2268 effusa

269 2268 363 2308 sim.
434 2267 550 2307 Nam
583 2276 685 2309 sunl
717 2270 894 2321 quidem,
933 2273 1026 2319 scio,
1062 2274 1138 2322 qui
1167 2279 1328 2324 semper
1356 2286 1398 2311 se
1428 2273 1549 2325 digne
1580 2285 1716 2323 gerere
1745 2275 1934 2323 possunt,

271 2335 353 2361 non
383 2324 521 2362 solum
556 2325 598 2362 in
626 2325 785 2375 publico
817 2326 891 2365 sed
919 2327 1041 2365 etiam
1075 2341 1169 2366 cum
1199 2327 1279 2366 soli
1308 2328 1391 2366 sint
1421 2328 1546 2379 (prae
1574 2327 1722 2377 quibus
1754 2326 1939 2365 homines

269 2378 482 2428 simplices,
522 2383 725 2429 tanquam
774 2394 860 2430 nos,
904 2381 1126 2433 despicatui
1168 2383 1287 2425 sunt)
1302 2396 1321 2430 ,·
1364 2412 1373 2421 .
1414 2413 1423 2422 .
1466 2412 1479 2422 .,
1516 2381 1588 2420 sed
1629 2382 1731 2419 mihi
1773 2381 1938 2431 penitus

270 2436 329 2471 est
346 2434 534 2484 effractus
547 2433 742 2473 am'mus'
883 2448 960 2484 215
982 2436 1186 2487 μέμφησθ’
1201 2437 1242 2476 Α
1256 2437 1290 2475 Β
1307 2451 1315 2476 :
1337 2435 1552 2488 μέμφοισθ’
1567 2436 1607 2474 V
1626 2450 1635 2474 :
1654 2434 1855 2486 μέμψησθ’
1874 2434 1907 2473 L
1927 2449 1937 2474 ε

269 2485 481 2539 μέμψοισθ’
504 2488 537 2526 Ρ
702 2492 783 2528 216
813 2490 1002 2541 ὀμμάτων
1021 2492 1060 2531 τ’
1082 2491 1172 2530 AV
1344 2492 1425 2529 2‘18
1454 2490 1695 2542 δύσκλειαν]
1718 2489 1939 2531 δυσκολίαν

270 2542 438 2581 videtur
468 2543 740 2595 interpretari
774 2550 834 2588 2:
870 2547 982 2584 unde
1016 2546 1140 2584 Prinz
1170 2546 1369 2588 δύσνοιαν.
1433 2546 1519 2585 Sed
1555 2543 1657 2583 nihil
1689 2544 1935 2583 mutandum

271 2609 353 2646 219
384 2597 516 2637 ἔνεστ’
538 2599 597 2650 ἐν]
617 2598 778 2639 ἔνεστιν
796 2604 842 2637 ut
858 2596 941 2639 vid.
958 2598 1150 2647 primitus
1167 2597 1201 2637 L
1217 2605 1260 2638 et
1278 2600 1431 2637 lemma
1451 2604 1481 2642 Σ
1499 2598 1535 2637 Β
1555 2607 1597 2640 et
1616 2599 1935 2649 gnomologium

269 2649 480 2700 Venetam
593 2666 674 2692 220
697 2653 1016 2703 e’nudOozLffleTV
1029 2666 1241 2703 suprascr.
1257 2653 1346 2702 L¹):
1370 2652 1519 2706 ἐκμάθῃ
1535 2653 1787 2693 Eustath.11.
1806 2665 1936 2709 p.415

272 2719 350 2749 222
380 2706 495 2745 Ante
517 2707 628 2746 hunc
659 2721 697 2747 v.
733 2714 831 2746 nota
868 2707 1046 2746 Medeae
1077 2710 1120 2747 in
1151 2709 1201 2748 V.
1259 2709 1461 2747 Chorone
1491 2709 1619 2757 igitur
1647 2722 1713 2748 vv.
1746 2721 1933 2759 219-221

271 2761 444 2809 tribuit?
557 2775 637 2810 224
663 2761 851 2803 πολίταις
869 2762 946 2800 LP
961 2776 986 2801 v
1000 2776 1209 2812 suprascr.
1230 2763 1279 2801 B¹
1293 2768 1310 2801 :⁷
1331 2762 1502 2810 πολίτης
1517 2761 1649 2801 AVB
1764 2763 1846 2802 228
1872 2763 1936 2815 γι-

269 2816 472 2867 γνώσκειν
508 2816 594 2868 (vel
631 2818 736 2869 γιν-)
774 2817 898 2856 codd.
975 2819 1012 2857 οἱ
1050 2819 1083 2857 δ’
1118 2817 1340 2866 ὑποκριταί,
1376 2819 1419 2857 οὐ
1460 2814 1845 2870 συμπεριφερόμενοι
1879 2821 1936 2869 τῷ

271 2869 405 2926 τρόπῳ
435 2869 606 2923 λέγουσι
634 2871 853 2924 γινώσκειν
884 2871 998 2919 (lege
1023 2874 1233 2923 γινώσκει)
1266 2875 1399 2912 καλῶς
1428 2871 1525 2920 ΣΒ,
1557 2877 1699 2918 notam
1728 2885 1784 2911 ex
1811 2885 1850 2911 v.
1883 2872 1936 2921 85

272 2937 415 2963 errore
450 2925 710 2977 translatam,
743 2938 797 2965 ex
825 2929 914 2975 qua'
945 2926 1216 2975 Musgravius
1240 2925 1466 2980 lectionem
1494 2926 1740 2978 γιγνώσκεις
1773 2926 1936 2965 eruisse

271 2979 352 3018 sibi
384 2980 507 3074 Xisus
552 2986 620 3020 est
872 2992 947 3030 231
999 2980 1147 3033 φυτόν]
1192 2997 1259 3034 γρ.
1295 2979 1433 3033 ’γένος’
1470 2979 1511 3019 Α
1681 2988 1683 2990 ’
1748 2992 1829 3031 232
1876 2982 1941 3022 δεῖ

272 3048 354 3074 om.
