2118 3366
706 113 1200 163 ΗΡΑΚΛΕΙΔΑΙ

243 243 294 294 ἐς
323 247 470 311 χεῖρα
498 249 564 314 γῇ
594 244 847 308 συνῆψαν,
885 241 990 293 εἶτα
1020 244 1268 310 χερσόθεν

242 330 498 378 πνοιαῖσιν
525 324 789 390 ἠλάθησαν
822 328 872 379 ἐς
901 327 1086 378 πόντον
1116 326 1285 379 πάλιν.
1705 346 1787 387 430

244 410 368 460 οὕτω
399 412 453 461 δὲ
482 410 659 478 χὴμεῖς
688 409 829 474 τῆσδ’
861 411 1231 475 ἆπωθούμεσθα
1261 414 1354 478 γῆς

242 492 335 558 ἤδη
367 492 488 560 πρὸς
518 495 687 547 ἀκταῖς
717 495 857 547 ὄντες
890 493 954 548 ὡς
985 493 1321 564 σεσῳσμένοι.

244 578 393 642 οἴμοι·
438 579 489 629 τί
515 577 619 642 δῆτ’
649 577 866 645 ἔτερψας
898 576 935 629 ὦ
966 577 1179 630 τάλαινά
1208 601 1271 644 με

245 662 389 715 ἐλπὶς
418 661 535 720 τότ’,
569 661 625 713 οὐ
654 662 920 727 μέλλουσα
952 666 1200 714 διατελεῖν
1231 661 1405 730 χάριν;

245 747 550 812 συγγνωστὰ
578 745 674 812 γάρ
705 767 783 797 τοι
814 746 893 797 καὶ
924 747 984 796 τᾶ
1015 746 1162 805 τοῦδ’,
1196 748 1238 798 εἰ
1268 746 1335 811 μὴ
1369 745 1507 798 θέλει
1707 764 1788 804 435

246 829 453 881 κτείνειν
483 834 704 881 πολιτῶν
734 833 930 883 παῖδας·
963 829 1162 881 αἰνέσαι
1193 829 1234 880 δ’
1267 829 1367 898 ἔχω

247 912 326 964 καὶ
355 912 572 964 τάνθάδ’·
621 915 662 964 εἰ
697 916 859 964 θεοῖσι
890 913 948 977 δὴ
981 918 1118 965 δοκεῖ
1145 912 1261 965 τάδε

245 995 496 1063 πράσσειν
527 996 617 1062 ἔμ’,
651 997 788 1047 οὔτοι
821 996 886 1061 σή
918 997 964 1064 γ’
997 998 1276 1050 ἀπόλλυται
1306 997 1466 1066 χάρις.

329 1078 366 1131 ὦ
397 1083 585 1139 παῖδες,
617 1081 732 1146 ὑμῖν
763 1080 805 1131 δ’
837 1081 923 1132 οὐκ
954 1080 1054 1149 ἔχω
1085 1083 1139 1132 τί
1162 1080 1431 1149 χρήσομαι.

246 1168 336 1215 ποῖ
362 1165 711 1231 τρεψόμεσθα;
759 1165 833 1217 τίς
862 1166 958 1231 γὰρ
989 1164 1236 1219 ἄστεπτος
1268 1169 1417 1225 θεῶν;
1705 1185 1790 1224 440

247 1252 390 1299 ποῖον
421 1250 474 1300 δὲ
505 1249 649 1314 γαίας
681 1248 823 1314 ἕρκος
855 1248 942 1299 οὐκ
973 1250 1252 1315 ἆφίγμεθα;

245 1330 493 1396 ὀλούμεθ’,
525 1329 563 1382 ὦ
595 1330 742 1382 τέκν’·
791 1333 1202 1397 ε’κδοθησόμεσθα
1232 1331 1307 1396 δή.

248 1416 403 1480 κάμοῦ
431 1417 524 1480 μὲν
553 1415 695 1466 οὐδὲν
728 1417 774 1466 εἵ
798 1438 861 1480 με
892 1415 987 1484 χρὴ
1021 1419 1190 1468 θανεῖν
1219 1416 1376 1481 μέλει,

247 1498 381 1562 πλὴν
413 1500 461 1550 εἴ
485 1520 532 1550 τι
564 1498 734 1566 τέρψω
765 1500 880 1553 τοὺς
911 1499 1057 1565 ἐμοὺς
1089 1500 1297 1567 ἐχθροὺς
1331 1501 1510 1552 θανών·

244 1583 369 1647 ὑμᾶς
400 1584 454 1634 δὲ
484 1584 638 1635 κλαίω
671 1584 749 1635 καὶ
782 1585 1086 1650 κατοικτίρω,
1120 1583 1283 1643 τέκνα,
1712 1602 1791 1642 445

249 1667 328 1719 καὶ
358 1666 450 1731 τὴν
480 1669 684 1735 γεραιὰν
714 1666 882 1734 μητέρ’
914 1666 1200 1733 Ἀλκμήνην
1232 1670 1434 1736 πατρός.

246 1747 284 1801 ὦ
314 1750 622 1803 δυστάλαινα
652 1756 740 1803 τοῦ
769 1757 957 1819 μακροῦ
986 1754 1104 1818 βίου
1135 1752 1300 1812 σέθεν,

246 1834 449 1901 τλήμων
479 1838 532 1888 δὲ
563 1837 699 1903 κάγὼ
730 1839 899 1888 πολλὰ
927 1835 1191 1905 μοχθήσας
1221 1837 1397 1902 μάτην.

247 1923 374 1988 χρῆν
403 1923 532 1988 χρῆν
562 1920 636 1987 ἄρ’
667 1920 794 1986 ἡμᾶς
827 1920 1004 1987 ἀνδρὸς
1037 1923 1106 1974 εἷς
1139 1923 1321 1990 ἐχθροῦ
1351 1921 1502 1990 χέρας

248 2005 497 2058 πεσόντας
528 2007 751 2073 αἰσχρῶς
785 2005 864 2056 καὶ
896 2010 1053 2058 κακῶς
1083 2011 1251 2057 λιπεῖν
1282 2008 1415 2071 βίον.
1711 2023 1792 2062 450

332 2088 447 2140 ἀλλ’
478 2088 563 2140 οῖσ
596 2089 608 2108 ’
640 2090 668 2139 ὅ
698 2110 783 2154 μοι
814 2089 1128 2156 σύμπραξον;
1177 2090 1270 2158 οὐχ
1301 2089 1474 2141 ἅπασα
1503 2088 1598 2157 γὰρ

249 2171 500 2240 πέφευγεν
532 2175 675 2227 ἐλπὶς
706 2172 861 2224 τῶνδέ
890 2195 973 2239 μοι
1005 2176 1269 2240 σωτηρίας·

250 2256 324 2322 ἔμ’
356 2256 495 2311 ἔκδος
527 2257 834 2325 Ἀργείοισιν
866 2258 975 2309 ἀντὶ
1007 2258 1166 2318 τῶνδ’,
1203 2257 1341 2323 ἄναξ,

252 2341 330 2393 καὶ
361 2339 485 2406 μήτε
518 2342 781 2401 κινδύνευε,
818 2340 1026 2406 σωθήτω
1058 2342 1112 2394 τέ
1142 2364 1227 2408 μοι

250 2424 396 2477 τέκν’·
443 2425 500 2477 οὐ
530 2431 702 2493 φιλεῖν
734 2430 810 2477 δεῖ
838 2426 928 2490 τὴν
962 2426 1084 2492 ἐμὴν
1116 2426 1304 2495 ψυχήν·
1352 2428 1455 2478 ἴτω.
1712 2444 1793 2483 455
1819 2421 1821 2423 ’

249 2507 472 2574 μάλιστα
502 2509 543 2561 δ’
575 2510 860 2576 Εὐρυσθεύς
890 2532 951 2575 με
982 2511 1208 2576 βούλοιτ’
1241 2510 1302 2562 ἂν
1332 2511 1509 2576 λαβὼν

250 2592 337 2645 τὸν
366 2592 670 2660 εΗράκλειον
705 2594 971 2662 σύμμαχον
1004 2596 1321 2661 καθυβρίσαι·

180 2723 262 2761 429
291 2713 342 2752 ὡς
363 2714 480 2764 χεῖρα
499 2710 771 2750 Valckenaer
939 2723 1017 2760 433
1051 2711 1219 2765 ἔτρεψας
1241 2712 1274 2750 Ρ
1442 2722 1520 2759 435
1552 2709 1662 2751 θέλοι
1685 2711 1717 2749 L
1733 2710 1767 2749 P
1786 2724 1795 2748 :

125 2777 236 2807 corr.
263 2764 454 2815 Elmsley
610 2767 692 2815 436
723 2765 878 2807 αἰνέσαι
899 2765 1194 2807 Valckenaer:
1227 2765 1389 2807 αἰνέσας
1412 2766 1445 2804 L
1462 2766 1494 2803 P
1651 2779 1729 2814 437
1762 2767 1797 2806 εἰ

125 2818 171 2860 δὲ
192 2822 317 2860 θεοῖσι
340 2819 565 2860 Hermann
753 2822 833 2870 438
864 2820 917 2869 σή
940 2820 1133 2870 Elmsley
1152 2835 1161 2859 :
1192 2821 1259 2861 σοί
1280 2821 1314 2859 L
1331 2821 1364 2859 P
1550 2831 1626 2869 451
1659 2820 1797 2861 ἅπασα

126 2873 399 2966 lS3te1131hanus:
428 2874 551 2916 ἅπασι
574 2875 607 2914 L
623 2875 656 2914 P
835 2876 917 2924 456
945 2874 1130 2925 μάλιστα
1150 2875 1183 2916 δ’
1209 2874 1279 2926 ἐμὲ
1300 2874 1485 2923 βούλοιτ’
1507 2876 1555 2916 ἂν
1577 2875 1794 2927 Εὐρυσθεὺς

165 2934 208 2967 ot
243 2942 266 2967 e
