2118 3366
897 145 1343 196 ΕΥΡΙΠΙΔΟΥ

407 276 533 341 ὑμᾶς
561 274 605 327 τ’
636 273 803 340 ὀνήσω
834 274 1013 327 τούσδε
1042 297 1097 328 τε
1125 274 1321 344 βλάψω
1352 276 1533 330 θανών.

285 362 377 412 Αλ.
410 361 462 412 τί
488 361 611 424 δῆτα
639 358 860 424 μέλλετ’,
895 361 937 412 εἷ
968 360 1115 411 πόλει
1147 361 1399 427 σωτηρίαν
1845 377 1953 419 ¹045

411 442 816 511 κατεργάσασθαι
845 443 983 494 τοῖσί
1008 442 1050 494 τ’
1082 442 1141 508 ἐξ
1167 443 1306 508 ἡμῶν
1335 443 1515 511 χρεών,

410 528 619 579 κτείνειν
649 526 737 579 τὸν
767 525 920 593 ἄνδρα
950 526 1097 586 τόνδ’,
1134 527 1396 580 ἀκούοντες
1425 526 1568 589 τάδε;

412 612 633 663 δείκνυσι
661 612 758 678 γὰρ
789 609 1024 663 κέλευθον
1056 609 1473 678 ἀσφαλεστάτην·

411 694 590 763 ἐχθρὸς
618 697 710 759 μὲν
741 692 880 760 ἁνήρ,
916 694 1110 762 ὠφελεῖ
1137 697 1190 746 δὲ
1222 695 1494 747 κατθανών.

412 777 620 844 κομίζετ’
653 777 817 836 αὐτόν,
851 781 1025 843 δμῶες·
1073 778 1179 830 εἶτα
1208 778 1305 846 χρὴ
1339 780 1483 831 κυσὶν
1852 795 1960 835 1050

411 865 579 914 δοῦναι
611 863 895 916 κτανόντας·
940 862 1007 928 μὴ
1040 864 1136 930 γὰρ
1168 864 1384 934 ἐλπίσῃς
1414 863 1548 916 ὅπως

412 947 551 999 αὖθις
580 944 805 1016 πατρῴας
839 947 931 1010 ζῶν
964 946 1039 1012 ἔμ’
1072 949 1309 1012 ἐκβαλεῖς
1340 948 1538 1014 χθονός.

293 1453 451 1518 Ημιχ.
488 1448 641 1500 ταύτὰ
672 1453 808 1501 δοκεῖ
833 1470 933 1514 μοι.
1023 1449 1260 1517 στείχετ’,
1293 1450 1487 1502 ὀπαδοί.

501 1535 563 1585 τὰ
592 1535 686 1600 γὰρ
719 1531 778 1596 ἐξ
802 1534 941 1599 ἡμῶν

505 1620 725 1683 καθαρῶς
757 1618 902 1669 ἔσται
932 1621 1254 1683 βασιλεῦσιν.
1860 1631 1964 1670 1055

351 1734 456 1782 1046
499 1735 607 1783 ὑμῶν
645 1745 791 1782 apogr.
827 1732 963 1771 Paris.
1190 1745 1294 1783 1049
1340 1731 1439 1785 ἀνήρ
1475 1731 1509 1770 L
1525 1730 1582 1772 P:
1629 1743 1737 1770 corr.
1776 1730 1967 1780 Elmsley

296 1799 401 1837 1050
435 1787 569 1840 κυσὶν]
604 1786 711 1827 κόνει
744 1787 982 1836 Housman,
1011 1787 1088 1825 sed
1118 1798 1269 1826 revera
1297 1787 1539 1836 discerptus
1568 1785 1676 1825 fuit:
1714 1785 1768 1824 cf.
1799 1785 1966 1825 Strabo.

292 1855 331 1892 9.
353 1855 431 1892 377
661 1853 765 1890 1053
797 1849 922 1893 Ημιχ.
945 1842 1124 1891 scripsi:
1155 1858 1245 1894 χορ.
1270 1841 1363 1880 LP.
1420 1841 1538 1880 Ante
1566 1841 1679 1878 hunc
1706 1853 1745 1880 v.
1774 1839 1967 1878 lacunam

293 1910 390 1936 esse
407 1896 511 1935 vidit
530 1896 765 1935 Hermann.
819 1897 1001 1935 Videtur
1022 1901 1120 1946 post
1141 1897 1275 1935 rixam
1299 1908 1429 1935 unum
1452 1894 1782 1934 Hemichorium
1799 1894 1967 1933 Alcme-

294 1965 374 1990 nae
395 1951 535 1990 scelus
552 1952 808 1990 detestatum
829 1951 946 1990 abire
963 1951 1073 1990 velle
1089 1966 1097 1998 ;
1129 1950 1312 1989 alterum
1334 1950 1465 1991 ταύτὰ
1484 1949 1633 2000 (ταῦτα
1649 1948 1683 1987 L
1698 1949 1755 2003 Ρ)
1772 1952 1887 1990 δοκεῖ
1901 1965 1968 2000 μοι

296 2008 438 2045 dicere
497 2006 731 2056 Subscript.
756 2007 952 2060 εὐριπίδου
972 2007 1205 2059 ἡρακλεῖδαι
1225 2007 1242 2045 l
1259 2005 1293 2044 P

352 2088 608 2138 Fragmenta
648 2101 702 2127 ex
741 2088 819 2127 hac
855 2088 995 2127 fabula
1035 2089 1164 2128 citata
1200 2101 1311 2138 quae
1347 2088 1390 2126 in
1428 2101 1524 2138 pag.
1560 2101 1651 2138 seq.
1691 2085 1971 2138 apposuimus

294 2143 495 2182 videntur
525 2144 579 2182 ad
615 2156 707 2182 eam
740 2148 906 2193 partem
937 2143 1164 2182 referenda
1200 2156 1295 2183 esse
1325 2156 1449 2193 quam
1483 2149 1582 2193 post
1609 2157 1648 2182 v.
1678 2144 1760 2192 629
1790 2142 1970 2193 periisse

295 2199 399 2237 vidit
435 2198 686 2237 Kirchhoff:
735 2199 887 2237 deesse
922 2199 1036 2237 enim
1074 2199 1211 2238 nuntii
1251 2200 1342 2237 sive
1380 2197 1696 2249 Demophontis
1736 2197 1790 2236 de
1830 2202 1970 2236 morte

298 2252 507 2292 Macariae
530 2253 818 2292 narrationem
846 2260 889 2292 et
909 2253 1145 2292 Alcmenae
1168 2254 1315 2292 matris
1337 2252 1524 2292 lamenta
1544 2265 1639 2292 cum
1660 2252 1780 2291 chori
1802 2251 1970 2291 cantico

298 2308 466 2357 integro
503 2308 617 2354 (vide
657 2308 786 2346 etiam
826 2308 1158 2359 argumentum).
1233 2308 1367 2347 Cuius
1400 2307 1588 2346 volneris
1628 2306 1804 2357 tegendi
1845 2319 1971 2345 causa

297 2362 465 2402 additos
487 2362 538 2400 ab
560 2362 839 2401 histrionibus
867 2368 987 2413 putat
1008 2362 1298 2401 Wilamowitz
1320 2376 1384 2400 vv.
1407 2363 1610 2413 353-380,
1635 2362 1839 2413 672-673,
1864 2362 1972 2411 819-

297 2417 391 2468 822,
415 2423 458 2456 et
480 2417 664 2457 sortasse
685 2418 887 2467 642-658.
951 2417 1013 2458 Cf.
1039 2417 1166 2457 etiam
1188 2418 1239 2456 ad
1261 2430 1300 2456 v.
1324 2428 1510 2468 299—301
