2118 3366
812 86 1210 136 ΑΛΚΗΣΤΙΣ

302 219 422 269 ὅταν
452 215 565 269 ποτ’
584 216 804 284 ’Ἄργους
833 218 1008 284 διψίαν
1038 217 1169 268 ἔλθω
1200 219 1375 284 χθόνα.
1758 222 1840 274 560

176 305 265 352 Χο.
299 307 403 354 πῶς
432 300 518 353 οὖν
549 300 784 367 ἔκρυπτες
813 300 900 351 τὸν
930 301 1150 367 παρόντα
1182 301 1404 365 δαίμονα,

300 386 454 451 φίλου
481 385 725 449 μολόντος
756 384 947 450 ἀνδρός,
982 384 1047 437 ὣς
1078 384 1224 438 αὐτὸς
1252 383 1442 450 λέγεις;

174 472 260 519 Αδ.
294 470 380 520 οὐκ
410 467 471 519 ἄν
501 467 611 519 ποτ’
640 466 890 532 ἠθέλησεν
921 470 1173 519 εἰσελθεῖν
1204 469 1397 533 δόμους,

297 554 340 603 εἰ
370 557 468 603 τῶν
498 554 630 616 ἐμῶν
658 572 705 602 τι
735 550 974 616 πημάτων
1008 552 1267 619 ἐγνώρισε.

297 636 375 686 καὶ
406 641 473 705 τῷ
504 634 612 700 μέν,
645 635 797 700 οἶμαι,
831 639 960 703 δρῶν
990 635 1097 687 τάδ’
1131 635 1188 687 οὗ
1218 640 1424 703 φρονεῖν
1456 640 1600 693 δοκῶ,
1754 638 1832 690 565

293 718 396 770 οὐδ’
428 718 618 770 αἰνέσει
645 741 725 784 με·
771 720 903 784 τᾶμᾶ
932 719 973 771 δ’
1005 720 1093 771 οὐκ
1126 721 1389 771 ἐπίσταται

292 802 499 870 μέλαθρ’
529 804 746 855 ἀπωθεῖν
777 803 877 854 οὐδ’
909 803 1161 869 ἀτιμάζειν
1193 802 1378 868 ξένους.

167 930 257 978 Χο.
290 925 328 978 ὦ
359 926 650 992 πολύξεινος
682 928 761 979 καὶ
794 928 1053 994 ἐλεύθερος
1084 928 1260 995 ἀνδρὸς
1284 929 1366 979 ἀεί
1385 927 1493 979 ποτ’
1521 927 1667 985 οἶκος,
1699 922 1827 993 [στρ.

292 1010 354 1063 σε’
382 1033 458 1062 τοι
491 1012 568 1063 καὶ
599 1013 624 1061 ὁ
655 1012 844 1065 Πύθιος
875 1013 1085 1079 εὐλύρας
1115 1012 1386 1065 Ἀπόλλων
1748 1025 1828 1064 570

371 1094 558 1159 ἠξίωσε
589 1097 759 1156 ναίειν,

292 1180 415 1231 ἔτλα
444 1182 496 1232 δὲ
527 1185 668 1231 σοῖσι
697 1181 983 1246 μηλονόμας

374 1266 428 1315 ἐν
457 1264 626 1329 δόμοις
656 1263 908 1331 γενέσθαι,

287 1351 497 1415 δοχμιᾶν
528 1350 607 1399 διὰ
639 1349 850 1399 κλιτύων
1749 1361 1826 1402 575

289 1430 581 1496 βοσκήμασι
614 1437 754 1483 σοῖσι
787 1434 997 1499 συρίζων

369 1517 630 1581 ποιμνίτας
658 1517 932 1581 ὑμεναίους.

286 1641 380 1692 σὺν
400 1641 440 1692 δ’
465 1643 811 1707 ἐποιμαίνοντο
830 1649 961 1712 χαρᾷ
979 1641 1174 1707 μελέων
1197 1642 1380 1706 βαλιαί
1399 1663 1454 1693 τε
1471 1641 1667 1707 λύγκες,
1697 1635 1822 1706 [ἀντ.

286 1725 385 1790 ἔβα
414 1728 466 1778 δὲ
491 1725 699 1797 ,λιποῦσ’
722 1724 941 1793 ”Οθρυος
971 1725 1134 1777 νάπαν
1165 1726 1384 1777 λεόντων
1745 1731 1823 1779 580

368 1811 399 1860 ἃ
427 1810 662 1876 δαφοινὸς
692 1812 793 1861 ἵλα·

283 1894 497 1961 χόρευσε
528 1893 569 1945 δ’
602 1894 730 1961 ἀμφὶ
762 1896 860 1946 σὰν
892 1894 1111 1962 κιθάραν,

368 1982 546 2043 Φοῖβε,
579 1977 893 2045 ποικιλόθριξ

282 2061 462 2128 νεβρὸς
491 2063 753 2129 ὑψικόμων
784 2062 939 2129 πέραν
1742 2067 1820 2116 535

281 2145 515 2211 βαίνουσ’
547 2148 731 2197 ἐλατᾶν
762 2151 937 2215 σφυρῷ
972 2146 1156 2215 κούφῳ,

365 2230 594 2297 χαίρουσ’
627 2231 831 2297 εὔφρονι
859 2237 1045 2299 μολπᾷ.

1605 2322 1698 2333 —

280 2359 452 2424 τοιγὰρ
484 2356 900 2422 πολυμηλοτάταν
1689 2348 1817 2420 [στρ.

282 2442 455 2493 ἑστίαν
486 2442 637 2494 οἰκεῖς
666 2443 798 2508 παρὰ
831 2441 1102 2492 καλλίναον

282 2525 494 2591 Βοιβίαν
524 2526 723 2589 λίμναν.
815 2525 1009 2591 ἀρότοις
1040 2528 1093 2576 δὲ
1123 2527 1247 2591 γυᾶν
1734 2538 1815 2577 590

208 2644 290 2691 560
318 2643 418 2684 ὅταν
436 2642 527 2684 ποτ’
547 2642 587 2681 V
604 2641 638 2680 Β
659 2656 668 2680 t
699 2643 873 2695 ὅτανπερ
896 2642 929 2680 L
945 2641 978 2679 P
1117 2642 1196 2690 565
1227 2640 1293 2680 καί
1312 2657 1368 2690 τῳ
1392 2640 1538 2678 Heath
1678 2639 1759 2688 569
1786 2638 1815 2678 ὦ

152 2695 169 2733 l
184 2710 194 2735 ε
224 2697 269 2737 td,
289 2697 410 2737 codd.
538 2696 749 2751 ἐλευθέρου
768 2702 864 2747 post
885 2696 1160 2745 Purgoldium
1181 2694 1408 2734 Wecklein
1606 2705 1684 2742 572
1717 2694 1818 2733 ἔτλα

155 2750 359 2790 Matthiae
379 2765 390 2791 t
420 2751 521 2800 ἔτλη
542 2752 663 2791 codd.
857 2763 937 2800 574
967 2750 1124 2801 δόμοισι
1143 2750 1182 2788 V
1388 2760 1465 2798 577
1496 2749 1718 2797 ποιμνήτας
1737 2747 1769 2785 L
1784 2747 1816 2785 P

152 2805 233 2854 582
265 2803 440 2858 χόρευσε
468 2805 630 2845 Monk:
671 2805 866 2859 ἐχόρευσε
896 2805 1019 2844 codd.
1227 2804 1306 2852 588
1344 2803 1486 2854 τοιγὰρ
1507 2803 1540 2841 L
1557 2802 1591 2840 P
1608 2803 1641 2839 Β
1658 2806 1712 2844 Σ;
1752 2819 1814 2842 τοι

150 2858 230 2912 γάρ
249 2876 314 2900 τοι
333 2859 372 2898 V
564 2862 646 2910 589
685 2862 807 2901 οἰκεῖς
829 2860 951 2899 codd.
975 2866 1015 2899 et
1036 2865 1067 2903 Σ
1090 2859 1183 2911 (sed
1204 2860 1358 2899 τίθεται
1380 2863 1421 2895 et
1446 2856 1630 2910 κρατύνει
1658 2855 1783 2907 infra)
1807 2871 1817 2894 ς

152 2915 256 2955 οἰκεῖ
273 2907 457 2963 ΡὶιτςοῙά
