2118 3366
924 144 1366 194 ΕΥΡΙΠΙΔΟΥ

323 391 396 400 ——-
423 356 545 424 πρὸς
574 361 660 408 τοῦ
689 355 799 409 ποτ’
831 359 885 409 ἐν
915 365 981 430 γῇ
1011 363 1186 425 πτῶμα
1215 359 1462 424 δύστηνον
1492 361 1704 421 πίτνεις,·

305 444 373 490 Io.
432 439 518 500 ὅδ’,
551 438 590 491 ὦ
621 438 771 504 ξένοι,
804 462 868 505 με
899 441 1020 495 σοὺς
1052 441 1300 507 ἀτιμάζων
1330 442 1471 496 θεοὺς

427 523 561 575 ἕλκει
589 524 768 588 βιαίως
802 524 963 588 Ζηνὸς
995 527 1048 576 ἐκ
1079 527 1398 592 προβωμίων.
1441 521 1444 525 ’

310 610 394 659 xo.
429 606 492 657 σὺ
523 606 563 657 δ’
595 608 650 657 ἐκ
680 608 815 660 τίνος
845 610 954 674 γῆς,
987 605 1025 659 ὦ
1056 608 1220 676 γέρον,
1252 609 1582 677 τετράπτολιν
1920 621 1974 659 80

512 687 739 754 ξύνοικον
771 689 921 754 ἦλθες
950 692 1100 752 λαόν,·
1146 688 1177 756 ἢ
1208 692 1357 760 πέρα-

512 776 597 825 θεν
627 775 751 843 ἃλίῳ
785 773 953 844 πλάτᾳ

514 857 732 926 κατέχετ’
766 859 1056 913 ἐκλιπόντες
1086 860 1290 926 Εὐβοῖδ’
1322 860 1497 921 ἀκτάν,·

304 946 371 992 Io.
434 941 491 992 οὐ
521 942 787 1007 νησιώτην,
823 940 860 993 ὦ
893 940 1042 1006 ξένοι,
1075 946 1234 1010 τρίβω
1264 946 1399 1010 βίον,

431 1025 545 1077 ἀλλ’
578 1027 631 1076 ἐκ
665 1030 915 1091 Μυκηνῶν
947 1027 1044 1091 σὴν
1076 1028 1332 1096 ἀφίγμεθα
1359 1030 1535 1096 χθόνα.
1922 1037 1974 1084 85

305 1114 394 1162 Xo.
507 1112 663 1175 ὄνομα
691 1112 742 1162 τί
769 1132 845 1170 σε,
880 1110 1043 1178 γέρον,

515 1197 801 1258 Μυκηναῖος
833 1195 1083 1260 ὠνόμαζεν
1112 1196 1264 1256 λεώς;

308 1283 373 1329 Io.
434 1277 520 1329 τὸν
549 1277 852 1344 (Ηράκλειον
882 1280 994 1330 ἴστε
1024 1301 1119 1332 που
1150 1279 1471 1346 παραστάτην

431 1361 642 1413 Ἰόλαον·
690 1363 745 1413 οὐ
774 1365 871 1430 γὰρ
903 1364 1029 1429 σῶμ’
1061 1362 1332 1430 ἀκήρυκτον
1363 1366 1490 1416 τόδε.

306 1450 395 1497 Χο.
434 1445 523 1498 οἷδ’
557 1447 857 1500 εἰσακούσας
890 1447 970 1498 καὶ
1000 1449 1131 1515 πρίν·
1178 1449 1311 1499 ἀλλὰ
1341 1453 1428 1500 τοῦ
1457 1452 1579 1502 ποτὲ
1920 1466 1977 1507 90

517 1532 571 1582 ἐν
601 1530 712 1599 χερὶ
745 1538 811 1601 σᾷ
845 1533 1056 1597 κομίζεις
1089 1532 1258 1599 κόρους

517 1620 826 1682 νεοτρεφεῖς;
877 1614 1094 1682 φράσον.

312 1703 375 1749 Io.
428 1698 737 1765 “Ηρακλέους
767 1699 857 1751 οἵδ’
890 1701 989 1752 εἰσὶ
1020 1704 1206 1760 παῖδες,
1240 1699 1277 1752 ὦ
1308 1699 1457 1766 ξένοι,

436 1782 591 1834 ἱκέται
622 1782 770 1835 σέθεν
800 1805 855 1835 τε
888 1784 966 1835 καὶ
996 1786 1190 1838 πόλεως
1221 1785 1506 1852 ἀφιγμένοι.

308 1914 399 1961 Xo.
516 1911 568 1962 τί
594 1909 765 1979 χρέος,·
812 1906 841 1974 ἢ
873 1912 1041 1978 λόγων
1075 1913 1272 1972 πόλεος,
1307 1911 1453 1964 ἔνεπέ
1480 1934 1580 1978 μοι,
1851 1907 1977 1979 [ἀντ.

516 1995 783 2060 μελόμενοι
813 2001 1007 2063 τυχεῖν,·
1927 2001 1979 2054 9⁶

312 2083 377 2129 Io.
438 2077 550 2143 μήτ’
584 2081 843 2143 ἐκδοθῆναι
873 2078 997 2144 μήτε
1028 2079 1150 2147 πρὸς
1181 2080 1302 2145 βίαν
1333 2084 1459 2132 θεῶν

435 2168 533 2214 τῶν
566 2168 670 2214 σῶν
699 2163 1114 2217 ἀποσπασθέντες
1146 2166 1214 2217 εἷς
1236 2163 1423 2232 ’Ἄργος
1452 2170 1641 2230 μολεῖν.

313 2250 403 2311 Κη.
439 2246 554 2298 ἀλλ’
585 2248 691 2298 οὔτι
719 2253 822 2300 τοῖς
854 2253 965 2302 σοῖς
996 2249 1261 2301 δεσπόταις
1290 2248 1396 2300 τάδ’
1427 2248 1640 2315 ἀρκέσει,

438 2331 483 2382 οἳ
515 2335 609 2381 σοῦ
641 2336 928 2397 κρατοῦντες
961 2332 1123 2384 ἐνθάδ’
1157 2333 1446 2400 εὑρίσκουσί
1473 2354 1548 2384 σε.
1902 2349 1979 2377 100

313 2419 403 2465 Xo.
438 2414 566 2468 εἰκὸς
596 2419 721 2467 θεῶν
754 2418 952 2483 ἱκτῆρας
982 2419 1244 2475 αἰδεῖσθαι,
1277 2415 1404 2481 ξένε,

524 2499 603 2550 καὶ
632 2499 698 2565 μὴ
729 2501 880 2570 βιαίῳ
912 2503 1023 2570 χερὶ
1054 2501 1299 2567 δαιμόνων

523 2584 812 2636 ἀπολείπειν
844 2581 928 2650 [σ’]
961 2586 1061 2650 ἕδη·

370 2711 418 2748 77
458 2703 611 2741 πιτνεῖς
642 2701 703 2739 L:
739 2704 877 2741 πιτνεΐ
909 2701 942 2739 Ρ
1110 2702 1246 2741 Deest
1278 2714 1430 2741 versus
1464 2701 1531 2740 cui
1563 2715 1603 2740 v.
1637 2715 1690 2752 97
1725 2703 1981 2753 respondeat

314 2755 367 2792 80
397 2755 448 2794 σὺ
468 2755 501 2794 δ’
521 2755 763 2804 Tyrwhitt:
795 2758 815 2795 ὁ
838 2757 871 2796 δ’
896 2755 928 2793 L
945 2755 978 2794 P
1172 2758 1225 2806 83
1254 2755 1447 2807 κατέχετ’
1474 2756 1726 2796 Hermann:
1756 2756 1979 2809 κατέσχετ’

316 2808 349 2846 L
365 2808 398 2846 Ρ
510 2809 658 2857 εὐβοΐδ’
682 2810 715 2848 L
732 2810 766 2848 P
946 2812 1000 2860 89
1031 2810 1153 2863 σῶμ’]
1178 2811 1287 2862 ὄνομ’
1310 2811 1479 2850 Dobree
1657 2824 1713 2861 90
1742 2814 1814 2852 τοῦ
1833 2811 1873 2849 l:
1904 2814 1980 2852 ποῦ

317 2863 350 2900 L
365 2862 398 2900 P
508 2867 581 2904 τοῦ
601 2864 703 2905 ποτὲ
728 2864 733 2916 Ι
761 2866 805 2905 ἐν
825 2863 1116 2918 Wilamowitz
1135 2884 1144 2906 ε
1176 2869 1248 2906 τοῦ
1273 2865 1279 2918 Ι
1302 2864 1393 2906 ποτ’
1416 2868 1459 2907 ἐν
1481 2865 1515 2904 L
1532 2865 1567 2904 P
1758 2878 1808 2916 91
1841 2867 1947 2917 χειρὶ
1967 2866 1993 2905 Ι.

314 2928 367 2967 95
407 2917 565 2959 πόλεως
602 2919 741 2960 ἔννεπε
772 2918 855 2957 LP
1093 2922 1148 2970 96
1184 2920 1402 2971 μελόμενοι
1432 2919 1619 2959 Canter:
1657 2919 1868 2972 μελομένῳ
1900 2919 1983 2958 LP

314 2984 382 3021 97,
403 2974 457 3021 98
488 2973 551 3012 Cf.
576 2986 667 3019 222,
690 2986 774 3022 223
941 2987 1019 3013 102
1048 2976 1154 3028 χειρὶ
1177 2973 1454 3024 Hervagiana
1472 2975 1663 3014 secunda
1833 2987 1911 3024 103
1941 2974 1988 3015 σ’-

315 3026 473 3066 seclusi
493 3041 502 3066 :
534 3029 605 3080 σφ’
629 3027 855 3079 Musgrave
876 3042 886 3068 ε
916 3028 1136 3070 ἂπολέπειν
1156 3030 1196 3070 σ’
1219 3029 1380 3069 Reiske
