2118 3366
793 122 1196 172 ΑΛΚΗΣΤΙΣ

162 259 252 307 Φε.
283 254 470 321 ἄπειμι·
517 251 698 320 θάψεις
727 251 771 304 δ’
803 252 949 308 αὐτὸς
980 251 1048 305 ὢν
1078 253 1228 318 αὐτῆς
1259 255 1458 321 φονεύς,
1508 264 1511 268 ’
1663 265 1665 267 ’
1751 272 1833 315 730

287 339 428 392 δίκας
457 340 512 390 δὲ
541 337 721 390 δώσεις
751 342 894 388 σοῖσι
924 341 1186 401 κηδεσταῖς
1217 338 1305 389 ἔτι.

286 420 317 485 ἧ
346 420 452 523 τᾶρ’
475 419 730 474 Ἀκαστος
760 419 918 471 οὐκέτ’
950 420 1057 472 ἔστ’
1089 423 1141 472 ἐν
1172 421 1431 488 ἀνδράσιν,

289 507 333 557 εἰ
359 503 427 570 μή
458 503 508 555 σ’
541 505 768 571 ἀδελφῆς
797 505 919 569 αῗμα
947 503 1297 571 τιμωρήσεται.

153 591 251 641 Ab.
289 589 443 655 ἔρρων
474 609 576 646 νυν,
609 587 755 641 αὐτὸς
784 589 851 656 χὴ
883 584 1223 653 ξυνοικήσασά
1254 611 1351 649 σοι,

285 671 464 724 ἄπαιδε
493 671 667 724 παιδὸς
697 674 856 730 ὄντος,
890 673 1062 739 ὥσπερ
1093 671 1236 736 ἄξιοι,
1459 700 1463 705 -
1756 690 1832 733 735

288 754 572 823 γηράσκετῆ
619 755 676 806 οὐ
705 757 800 822 γὰρ
832 755 946 826 τῷδ’
978 756 1046 808 ἔτ’
1077 759 1129 810 ἐς
1158 757 1336 809 ταύτὸν
1369 757 1548 824 στέγος

288 839 464 892 νεῖσθ’·
511 841 554 891 εἰ
584 839 627 890 δ’
661 840 891 891 ἀπειπεῖν
920 843 1048 908 χρῆν
1078 863 1141 906 με
1170 842 1393 908 κηρύκων
1422 844 1519 894 ὕπο

288 923 380 988 τὴν
411 922 509 988 σὴν
538 921 768 993 πατρῴαν
800 926 989 983 ἑστίαν,
1024 926 1236 977 ἀπεῖπον
1267 924 1342 977 ἄν.

287 1008 429 1073 ἡμεῖς
459 1006 704 1059 δέ--τούν
735 1009 889 1060 ποσὶν
919 1010 1015 1075 γὰρ
1046 1008 1245 1060 οἰστέον
1276 1011 1501 1061 κακόν-

290 1092 604 1160 στείχωμεν,
623 1091 687 1144 ὡς
719 1090 780 1143 ἂν
812 1093 866 1143 ἐν
895 1100 1024 1163 πυρᾷ
1056 1097 1217 1158 θῶμεν
1250 1095 1439 1161 νεκρόν.
1758 1109 1836 1153 740

165 1179 258 1228 Xo.
378 1176 434 1227 ἰὼ
467 1175 540 1226 ἰώ.
628 1177 844 1242 σχετλία
874 1177 1078 1241 τόλμης,

374 1257 413 1310 ὦ
444 1260 651 1325 γενναία
679 1260 758 1311 καὶ
787 1259 900 1326 μέγ’
932 1261 1129 1327 ἀρίστη,

375 1348 537 1411 χαῖρε·
583 1344 823 1410 πρόφρων
856 1346 917 1395 σὲ
946 1346 1148 1412 χθόνιός
1179 1345 1223 1396 θ’
1254 1345 1440 1413 Ἑρμῆς

367 1425 546 1491 οἈιδης
575 1448 629 1478 τε
660 1426 858 1495 δέχοιτ’.
950 1430 992 1479 εἰ
1023 1414 1153 1480 δέτι
1185 1431 1323 1481 κάκεῖ

375 1509 533 1562 πλέον
565 1510 669 1562 ἔστ’
702 1512 925 1578 ἀγαθοῖς,
958 1513 1146 1564 τούτων
1176 1514 1441 1582 μετέχουσ”
1763 1530 1838 1573 745

451 1593 626 1647 ’Ἀιδου
656 1597 826 1668 νύμφῃ
857 1598 1190 1663 παρεδρεύοις.

170 1702 248 1740 ΘΕ
262 1702 478 1765 ΡΑΠῼΝ

294 1776 514 1830 πολλοὺς
543 1779 635 1843 μὲν
665 1777 759 1842 ἤδη
792 1778 918 1830 κάπὸ
949 1779 1188 1832 παντοίας
1219 1780 1401 1848 χθονὸς

294 1861 465 1926 ξένους
493 1863 743 1927 μολόντας
774 1862 864 1914 οἶδ’
895 1864 946 1915 ἐς
976 1862 1222 1928 Ἀδμήτου
1253 1866 1446 1929 δόμους,

297 1947 370 1998 οἷς
401 1950 575 1998 δεῖπνα
605 1946 859 2013 προύθηκ’·
906 1948 1042 1998 ἀλλὰ
1071 1948 1202 1998 τοῦδ’
1234 1949 1368 2000 οὔπω
1399 1948 1541 2012 ξένου

299 2029 483 2082 κακίον’
517 2032 567 2084 ἐς
596 2028 730 2094 τήνδ’
763 2032 936 2082 ἑστίαν
968 2030 1228 2097 ἐδεξάμην.
1767 2046 1843 2090 750

298 2112 352 2167 ὃς
382 2119 554 2181 πρῶτα
581 2117 674 2179 μὲν
703 2118 980 2166 πενθοῦντα
1011 2116 1261 2180 δεσπότην
1299 2117 1423 2182 ὁρῶν

301 2199 492 2263 ἐσῆλθε
523 2198 799 2263 κᾶτόλμησ’
831 2200 1148 2266 ἀμείψασθαι
1178 2201 1354 2253 πύλας.

300 2282 473 2334 ἔπειτα
503 2282 544 2333 δ’
577 2282 682 2334 οὔτι
713 2284 992 2350 σωφρόνως
1024 2282 1226 2348 ἐδέξατο

297 2368 359 2417 τὰ
389 2367 743 2435 προστυχόντα
773 2364 927 2430 ξένια,
962 2370 1230 2435 συμφορὰν
1260 2369 1444 2433 μαθών,

303 2450 436 2510 ἀλλ’,
471 2453 517 2503 εἴ
543 2473 592 2502 τι
619 2450 685 2516 μὴ
719 2450 975 2518 φέροιμεν,
1011 2453 1225 2519 ὤτρυνεν
1257 2452 1446 2519 φέρειν.
1769 2466 1844 2509 755

233 2580 308 2617 731
341 2566 387 2609 δὲ
410 2568 444 2607 L
461 2567 524 2606 P.
515 2582 524 2591 ·
553 2585 599 2608 τε
619 2568 659 2606 V
675 2567 711 2606 B
876 2572 986 2609 σοῖσι
1007 2569 1041 2607 L
1060 2569 1092 2607 P
1108 2568 1174 2607 B:
1203 2573 1311 2610 τοῖσι
1334 2573 1442 2610 σοῖσι
1462 2570 1529 2607 V:
1559 2573 1669 2609 σοῖσι
1691 2569 1771 2608 del.
1794 2567 1846 2606 V¹

179 2634 256 2671 732
299 2622 345 2674 ἦ]
382 2623 407 2672 ἢ
443 2623 565 2663 codd.
604 2623 646 2675 (ἢ
677 2623 734 2672 V)
905 2624 1135 2665 ἄκλαυστος
1171 2627 1242 2664 οὐκ
1283 2624 1371 2665 ἔστ’
1407 2627 1450 2664 ἐν
1489 2623 1680 2675 ἀνδράσιν
1714 2623 1775 2664 ἔτι
1809 2623 1848 2661 V

180 2689 258 2726 734
274 2677 410 2748 ερρων
428 2695 492 2731 ’γρ-
515 2683 547 2721 Σ
571 2677 696 2727 (τινὲς
718 2676 807 2718 δε’Ι
785 2694 907 2731 ερρων
926 2678 1129 2731 γράφουσι
1152 2679 1226 2718 σὺν
1246 2684 1301 2730 τῷ
1323 2679 1393 2728 v):
1425 2678 1537 2731 ἔρροι)
1558 2678 1591 2716 L
1601 2684 1632 2729 p
1647 2683 1706 2721 ΣΞ
1737 2681 1849 2731 ἐρρο

180 2731 214 2770 P
232 2746 242 2771 ε
273 2731 398 2786 ἔρροις
416 2730 456 2771 V
473 2732 508 2770 B
530 2733 685 2771 lemma
705 2737 736 2775 Σ
867 2744 945 2781 735
977 2732 1093 2773 ὄντος
1117 2732 1150 2770 L
1169 2733 1202 2771 P
1221 2747 1230 2771 ε
1261 2732 1376 2773 ὄντες
1396 2733 1435 2770 V
1452 2733 1485 2770 B
1504 2733 1520 2769 l
1636 2734 1726 2781 736
1754 2733 1848 2783 τῷδ’

179 2786 239 2826 ἔτ’
262 2785 484 2853 Elmnsley:
511 2789 606 2828 τῶδ’
625 2786 680 2828 ἴτ’
707 2788 739 2825 L
758 2787 818 2825 P:
848 2790 1000 2839 τῶδεγ
1004 2787 1074 2825 'V
1091 2786 1125 2825 B
1293 2788 1446 2828 ταύτὸν
1466 2787 1504 2824 V
1522 2787 1586 2825 B:
1615 2788 1742 2827 ταύτὸ
1765 2787 1798 2824 L
1817 2786 1850 2824 P

181 2853 258 2890 737
289 2843 394 2895 χρῆν
412 2840 547 2880 VL¹:
574 2843 656 2895 χρὴ
680 2842 765 2912 L‘IP
782 2841 817 2880 B
857 2899 866 2913 ³
926 2899 945 2908 „
971 2804 1076 2890 7741
1111 2843 1155 2911 ιἸω
1175 2842 1309 2934 ςεῖηιῧΙ
1334 2841 1366 2879 L
1384 2841 1417 2879 P
1599 2854 1676 2891 742
1697 2841 1851 2932 ἆρίστῦι

182 2894 265 2999 ξ416>
291 2949 426 3004 νύμφῃ
445 2908 678 3003 5⁴33vang
701 2900 835 2989 ΙῗδΙζβΙό
848 2899 1227 3001 ερμηζτρῖάεδδέἔῦἶῖς
1249 2950 1283 2988 L
1297 2949 1332 2988 P
1490 2907 1576 2999 774555
1606 2912 1825 3003 Ξῖἶάἷίεῖυν
