2118 3366
804 142 1273 193 ΙΠΠΟΛΎΤΟΣ

328 278 459 346 ε’ρᾷς·
505 276 557 327 τί
581 278 725 327 τοῦτο
756 275 941 338 θαῦμα;
989 272 1084 323 σὺν
1114 274 1325 324 πολλοῖς
1354 274 1571 337 βροτῶν.

329 358 518 411 κᾶπειτ’
548 359 730 425 ἔρωτος
760 357 938 409 οὕνεκα
966 354 1141 423 ψυχὴν
1172 356 1332 414 ὀλεῖς;
1783 373 1869 413 44ο

326 443 385 495 οὔ
412 441 536 510 τᾶρα
564 442 675 494 λύει
704 445 807 494 τοῖς
838 441 991 507 ἐρῶσι
1019 443 1118 490 τῶν
1147 437 1323 497 πέλας,

327 526 441 577 ὅσοι
469 547 525 578 τε
551 522 811 591 μέλλουσ’,
847 525 889 575 εἷ
921 527 1087 575 θανεῖν
1118 521 1292 575 αὐτοὺς
1321 521 1502 589 χρεών·

276 610 516 686 χ,Κύπρις
545 611 640 676 γὰρ
671 607 727 660 οὗ
756 607 991 675 φορητός,
1024 602 1086 670 ἢν
1116 605 1282 670 πολλὴ
1312 606 1419 678 ῥυῇ·

325 691 357 758 ἢ
387 693 474 745 τὸν
502 695 595 759 μὲν
625 691 805 744 εἴκονθ’
836 691 1006 763 ἡσυχῇ
1035 689 1340 758 μετέρχεται,

326 775 384 829 ὃν
415 776 456 829 δ’
488 776 548 829 ἂν
579 775 826 843 περισσὸν
860 775 938 827 καὶ
969 773 1235 842 φρονοῦνθ’
1267 773 1382 844 εὕρῃ
1412 771 1557 839 μέγα,
1782 789 1867 830 445

326 865 502 934 τοῦτον
530 864 948 927 λαβοῦσα-πῶς
979 857 1560 923 δοκεῖς,·-καθύβρισεν.

329 952 482 1016 φοιτᾷ
511 944 553 997 δ’
583 944 660 997 ἀν’
693 943 864 1011 αἰθέρ’,
897 943 1008 995 ἔστι
1038 942 1081 994 δ’
1110 944 1164 994 ἐν
1196 941 1462 1010 θαλασσίῳ

330 1030 542 1081 κλύδωνι
573 1029 779 1095 Κύπρις,
811 1026 974 1080 πάντα
1005 1025 1049 1079 δ’
1081 1028 1135 1078 ἐκ
1164 1025 1344 1090 ταύτης
1376 1024 1489 1092 ἔφυ·

327 1113 403 1178 ἥδ’
434 1113 574 1166 ἐστὶν
603 1113 633 1178 ἡ
666 1113 945 1181 σπείρουσα
975 1111 1054 1162 καὶ
1086 1109 1270 1162 διδοΰσ’
1302 1108 1431 1177 ἔρον,

329 1196 387 1249 οὗ
416 1196 599 1251 πάντες
631 1198 785 1263 ἐσμὲν
815 1198 863 1248 οἱ
895 1196 1016 1247 κατὰ
1045 1193 1187 1263 χθόν’
1219 1193 1434 1261 ἔγγονοι.
1785 1210 1870 1250 450

328 1282 442 1333 ὅσοι
470 1284 562 1347 μὲν
593 1281 679 1333 οὖν
710 1279 908 1348 γραφάς
937 1301 991 1331 τε
1021 1283 1120 1330 τῶν
1149 1276 1464 1344 παλαιτέρων

328 1365 534 1434 ἔχουσιν
565 1364 708 1417 αὐτοί
734 1364 777 1415 τ’
810 1363 940 1416 εἰσὶν
972 1364 1025 1415 ἐν
1053 1363 1266 1428 μούσαις
1296 1363 1390 1421 ἆεί,

327 1450 475 1502 ’ίσασι
503 1452 597 1515 μὲν
628 1448 754 1503 Ζεὺς
785 1448 850 1502 ὥς
878 1446 988 1500 ποτ’
1018 1445 1212 1513 ἠράσθη
1244 1444 1417 1513 γάμων

330 1533 570 1599 Σεμέλης,
602 1535 750 1585 ἵσασι
780 1532 822 1585 δ’
855 1532 919 1586 ὡς
950 1530 1238 1598 ἆνήρπασέν
1270 1551 1391 1583 ποτε

328 1618 359 1683 ἡ
392 1616 736 1685 καλλιφεγγῆς
768 1616 1010 1684 Κέφαλον
1042 1617 1093 1669 ἐς
1125 1614 1264 1669 θεοὺς
1284 1613 1420 1669 ’Έως
1791 1631 1870 1672 455

329 1701 509 1770 ἔρωτος
540 1700 701 1754 εἵνεκ’·
736 1700 851 1752 ἀλλ’
884 1701 1015 1766 ὅμως
1045 1702 1099 1752 ἐν
1130 1699 1317 1769 οὐρανῷ

329 1787 526 1840 ναίουσι
558 1785 642 1837 κού
674 1786 950 1853 φεύγουσιν
983 1784 1204 1836 ἐκποδὼν
1235 1783 1391 1842 θεούς,

331 1869 599 1939 στέργουσι
631 1870 691 1930 δ’,
725 1869 876 1936 οἶμαι,
911 1868 1140 1938 ξυμφορᾷ
1170 1867 1444 1933 νικώμενοι.

414 1955 478 2007 σὺ
509 1954 550 2006 δ’
582 1954 669 2006 οὐκ
700 1951 875 2025 ἀνέξῃ,·
921 1955 1048 2021 χρῆν
1081 1951 1131 2002 σ’
1165 1951 1244 2003 ἐπὶ
1273 1952 1439 2018 ῥητοῖς
1468 1950 1564 2018 ἄρα

330 2038 520 2107 πατέρα
551 2039 799 2106 φυτεύειν,
831 2033 861 2102 ἢ
895 2036 966 2090 ’πὶ
997 2036 1266 2089 δεσπόταις
1298 2039 1428 2088 θεοῖς
1685 2035 1687 2038 ’
1788 2040 1870 2092 460

329 2123 582 2182 ἄλλοισιν,
617 2125 659 2175 εἰ
688 2122 754 2188 μὴ
788 2122 968 2173 τούσδε
998 2142 1056 2187 γε
1087 2118 1309 2186 στέρξεις
1339 2119 1533 2184 νόμους.

329 2209 519 2262 πόσους
549 2211 709 2260 δοκεῖς
740 2205 797 2270 δὴ
832 2204 966 2274 κάρτ’
998 2204 1209 2272 ἔχοντας
1240 2204 1292 2255 εὖ
1323 2207 1521 2270 φρενῶν

329 2290 559 2345 νοσοῦνθ’
594 2292 807 2358 ὁρῶντας
839 2289 1024 2355 λέκτρα
1052 2287 1119 2354 μὴ
1153 2291 1314 2339 δοκεῖν
1346 2288 1489 2354 ὁρᾶνς

329 2376 519 2430 πόσους
550 2378 605 2428 δὲ
633 2375 779 2426 παισὶ
810 2372 1025 2440 πατέρας
1054 2371 1364 2438 ἡμαρτηκόσι
1506 2431 1511 2443 s

294 2528 298 2529 ⁷
332 2460 701 2525 συνεκκομίζειν
736 2458 950 2525 Κύπριν,·
979 2459 1054 2508 ,ἐν
1087 2460 1300 2523 σοφοῖσι
1329 2457 1425 2522 γὰρ
1484 2446 1506 2492 s
1791 2459 1870 2510 465

260 2588 337 2626 441
368 2578 440 2617 οὐκ
460 2576 534 2629 ἄρα
554 2574 650 2615 MV
815 2573 903 2614 λύει
924 2586 948 2612 e
970 2578 1000 2616 Σ
1018 2572 1286 2611 Valckenaer
1308 2571 1372 2622 (οὐ
1396 2572 1629 2619 λυσιτελεῖ)
1649 2583 1659 2609 :
1687 2570 1728 2622 γ’
1748 2571 1792 2610 οὐ
1813 2572 1873 2611 δεῖ

202 2631 330 2678 codd.
357 2631 498 2680 (deest
518 2630 562 2669 in
585 2629 645 2684 K)
795 2641 876 2678 443
906 2627 1083 2681 φορητός
1103 2627 1228 2667 codd.
1254 2626 1295 2664 K
1316 2632 1359 2665 et
1379 2630 1410 2669 Σ
1431 2625 1527 2664 Tro.
1553 2637 1665 2674 990:
1694 2623 1874 2677 φορητόν

206 2686 326 2726 Stob.
346 2686 412 2735 63.
437 2696 463 2734 5
655 2697 737 2734 449
767 2683 963 2723 Fortasse
984 2679 1212 2723 κᾶκδιδοῦσ’
1408 2692 1490 2730 450
1521 2678 1684 2731 ἔγγονοι
1706 2676 1799 2717 MA
1813 2679 1871 2720 P:

207 2741 369 2793 ἔκγονοι
397 2739 437 2779 V
450 2739 486 2779 B
504 2739 551 2790 L,
584 2739 685 2780 Chr.
721 2738 813 2778 Pat.
845 2750 911 2788 50,
948 2736 1059 2775 Plut.
1095 2735 1203 2774 Mor.
1239 2737 1319 2785 756
1334 2734 1369 2774 E
1512 2764 1515 2765 ν
1553 2735 1635 2783 456
1668 2734 1786 2778 εἵνεκ’
1807 2732 1846 2772 Κ
1859 2747 1873 2773 ·.

207 2794 337 2836 οὕνεκ’
353 2799 401 2833 ut
419 2806 591 2844 semper
605 2793 697 2834 rell.
812 2794 891 2842 458
916 2790 1095 2843 ξυμφορᾷ
1114 2789 1154 2828 K
1169 2790 1203 2828 L
1218 2789 1274 2828 P:
1303 2792 1490 2842 συμφορᾷ
1510 2788 1598 2828 rell.
1616 2802 1624 2826 :
1652 2791 1874 2840 συμφοραῖς

207 2850 308 2890 Chr.
327 2848 423 2889 Pat.
438 2851 542 2899 1065
653 2860 735 2898 459
766 2848 992 2901 ἐπιρρητοΐς
1010 2845 1051 2884 Μ
1065 2845 1104 2884 V
1119 2849 1163 2883 et
1183 2849 1282 2883 ante
1304 2855 1412 2882 corr.
1431 2843 1466 2881 B
1578 2844 1655 2892 461
1688 2840 1875 2895 στέργεις

209 2905 244 2944 L
257 2904 291 2943 P
311 2910 355 2943 et
374 2908 406 2947 Σ
420 2903 456 2943 Β
615 2905 696 2953 462
726 2905 882 2955 φρενῶν
901 2899 943 2939 Α
957 2900 991 2938 L
1005 2899 1040 2938 P
1059 2913 1068 2938 ε
1097 2901 1261 2950 φρονεῖν
1282 2897 1323 2936 Μ
1338 2896 1377 2936 V
1390 2897 1425 2936 B
1440 2901 1471 2940 Σ
1632 2897 1712 2946 463
1742 2899 1876 2951 δοκεῖν

209 2959 243 3000 θ’
263 2957 305 2998 Α
469 2959 549 3008 464
578 2955 862 3012 ἡμαρτηκότας
884 2955 926 2994 Μ
948 2969 957 2995 z
987 2965 1096 2994 corr.
1122 2952 1183 2992 M²
