2118 3366
786 261 1488 331 ΙΠΠΟΛΤΤΟΣ

715 681 1077 731 ’ΥΠΟΘΕΣΙΣ
1142 681 1557 730 ΙΠΠΟΛΥΤΟὙ

1115 818 1146 868 Ι

358 906 524 964 Θησεὺς
560 906 647 950 υἱὸς
684 905 760 964 μὲν
797 903 848 960 ἧν
881 903 1041 964 Αἴθρας
1079 906 1146 950 καὶ
1183 906 1468 961 Ποσειδῶνος,
1507 906 1720 961 βασιλεὺς
1761 906 1808 951 δὲ
1843 904 1971 963 Ἀθη-

298 981 435 1026 ναίων·
468 979 604 1039 γήμας
621 980 666 1024 δὲ
680 980 778 1037 μίαν
794 984 878 1024 τῶν
893 979 1179 1035 Ἀμαζονίδων
1193 977 1466 1036 Ἱππολύτην,
1480 978 1739 1025 Ἱππόλυτον
1755 978 1971 1039 ἐγέννησε,

298 1056 447 1099 κάλλει
468 1072 515 1097 τε
536 1054 603 1097 καὶ
634 1051 898 1110 σωφροσύνῃ
922 1050 1198 1110 διαφέροντα.
1260 1052 1353 1097 ε’πεὶ
1375 1053 1421 1096 δέ
1445 1051 1467 1103 ἡ
1491 1056 1752 1098 συνοικοῦσα
1780 1054 1855 1098 τὸν
1873 1053 1973 1106 βίον

297 1123 576 1181 μετήλλαξεν,
610 1123 922 1181 ἐπεισηγάγετο
957 1122 1166 1180 Κρητικὴν
1202 1124 1393 1180 γυναῖκα,
1426 1122 1502 1178 τὴν
1534 1123 1652 1167 Μίνω
1689 1125 1766 1167 τοῦ
1797 1127 1973 1181 Κρητῶν

250 1212 272 1253 5
297 1196 517 1251 βασιλέως
547 1197 614 1240 καὶ
640 1197 878 1252 Πασιφάης
910 1195 1123 1254 θυγατέρα
1146 1196 1346 1254 Φαίδραν.
1410 1198 1432 1239 ὁ
1464 1196 1508 1239 δὲ
1534 1195 1699 1251 Θησεὺς
1720 1196 1972 1251 Πάλλαντα,

297 1271 370 1314 ἕνα
402 1274 485 1314 τῶν
516 1273 752 1327 συγγενῶν,
775 1267 995 1326 φονεύσας
1018 1268 1171 1327 φεύγει
1205 1269 1264 1313 εἷς
1286 1270 1492 1327 Τροιζῆνα
1523 1270 1629 1325 μετὰ
1658 1269 1732 1325 τῆς
1759 1270 1971 1328 γυναικός,

297 1343 347 1388 οὗ
380 1345 606 1399 συνέβαινε
634 1344 707 1388 τὸν
728 1341 985 1388 Ἱππόλυτον
1013 1343 1129 1400 παρὰ
1160 1342 1314 1387 Πιτθεῖ
1339 1342 1592 1400 τρέφεσθαι.
1654 1342 1895 1400 θεασαμένη
1928 1343 1971 1387 δὲ

297 1420 371 1464 τὸν
403 1419 623 1464 νεανίσκον
654 1417 678 1474 ἡ
707 1418 871 1477 Φαίδρα
901 1418 959 1462 εἷς
989 1417 1214 1473 ἐπιθυμίαν
1245 1416 1442 1469 ὤλισθεν,
1470 1417 1543 1460 οὐκ
1574 1416 1815 1462 ἀκόλαστος
1847 1415 1970 1471 οὖσα,

297 1494 528 1551 πληροῦσα
564 1492 609 1535 δέ
641 1490 901 1549 Ἀφροδίτης
938 1491 1071 1547 μῆνιν,
1109 1489 1133 1545 ἢ
1171 1490 1245 1534 τὸν
1281 1487 1537 1533 Ἱππόλυτον
1574 1489 1642 1532 διὰ
1680 1488 1973 1546 σωφροσύνην

227 1582 275 1610 10
298 1565 464 1610 ἀνελεῖν
502 1564 680 1623 κρίνασα
721 1564 797 1620 τὴν
833 1563 1021 1622 Φαίδραν
1058 1563 1116 1607 εἷς
1153 1562 1290 1620 ἔρωτα
1327 1563 1604 1619 παρώρμησε,
1639 1561 1764 1607 τέλος
1801 1561 1846 1605 δὲ
1883 1564 1973 1606 τοῖς

296 1638 571 1697 προτεθεῖσιν
598 1636 789 1693 ἐπέθηκε.
852 1634 1073 1694 στέγουσα
1098 1636 1181 1694 γὰρ
1203 1636 1280 1689 τὴν
1307 1637 1438 1679 νόσον
1459 1634 1483 1690 ἡ
1506 1635 1666 1693 Φαίδρα
1697 1638 1838 1694 χρόνῳ
1864 1635 1974 1692 πρὸς

297 1711 373 1768 τὴν
404 1711 569 1769 τροφὸν
600 1711 792 1767 δηλῶσαι
824 1707 1086 1768 ἠναγκάσθη,
1119 1710 1562 1767 κατεπαγγειλαμένην
1593 1708 1697 1764 αὐτῇ
1727 1706 1972 1765 βοηθήσειν.

297 1785 387 1842 ἥτις
403 1785 470 1829 καὶ
487 1785 603 1843 παρὰ
620 1783 697 1840 τὴν
709 1783 962 1842 προαίρεσιν
976 1785 1133 1839 λόγους
1150 1782 1415 1840 προσήνεγκε
1432 1783 1491 1841 τῷ
1506 1781 1723 1841 νεανίσκῳ.
1766 1782 1972 1839 τραχυνό-

298 1877 424 1916 μενον
445 1859 491 1902 δὲ
513 1858 639 1902 αὐτὸν
660 1857 683 1914 ἡ
707 1858 868 1915 Φαίδρα
892 1855 1198 1912 καταμαθοῦσα
1219 1858 1273 1911 τῇ
1294 1857 1371 1912 μὲν
1393 1856 1546 1915 τροφῷ
1565 1855 1821 1911 ἐπέπληξεν,
1844 1853 1973 1910 αὑτὴν

228 1944 274 1986 15
299 1932 344 1975 δὲ
367 1931 591 1989 ἀνήρτησε.
655 1928 747 1975 καθ’
770 1928 817 1973 ὃν
839 1931 983 1987 καιρὸν
1004 1929 1156 1985 φανεὶς
1180 1928 1348 1985 Θησεὺς
1372 1929 1439 1973 καὶ
1467 1927 1660 1972 καθελεῖν
1680 1925 1878 1972 σπεύδων
1896 1926 1973 1983 τὴν

298 2004 683 2062 ἇπηγχονισμένην,
709 2002 829 2061 εὗρεν
859 2003 963 2057 αὐτῇ
990 2001 1345 2060 προσηρτημένην
1375 2001 1542 2057 δέλτον,
1570 2000 1623 2044 δι’
1646 1998 1694 2056 ἧς
1712 1998 1972 2045 Ἱππολύτου

299 2077 470 2135 φθορὰν
502 2078 724 2135 κατηγόρει
759 2073 847 2119 κατ’
880 2074 1131 2131 ἐπιβουλήν.
1197 2073 1436 2119 πιστεύσας
1470 2074 1516 2118 δὲ
1548 2076 1636 2119 τοῖς
1664 2072 1972 2131 γεγραμμένοις

299 2152 373 2194 τὸν
408 2150 484 2208 μὲν
520 2148 778 2195 Ἱππόλυτον
815 2148 992 2203 ἐπέταξε
1029 2147 1221 2207 φεύγειν,
1257 2148 1381 2193 αὐτὸς
1414 2147 1460 2191 δὲ
1497 2149 1556 2207 τῷ
1591 2146 1831 2190 Ποσειδῶνι
1867 2144 1972 2203 ἀρὰς

299 2224 431 2276 ἔθετο,
471 2223 528 2267 ὧν
564 2221 803 2268 ἐπακούσας
841 2224 864 2265 ὁ
901 2221 997 2267 θεὸς
1037 2222 1111 2266 τὸν
1143 2220 1402 2267 Ἱππόλυτον
1443 2218 1700 2278 διέφθειρεν.
1767 2216 1973 2276 ’Ἄρτεμις

230 2312 281 2341 20
302 2298 348 2342 δὲ
384 2302 468 2341 τῶν
503 2297 793 2357 γεγενημένων
828 2296 988 2341 ἕκαστα
1027 2295 1345 2352 διασαφήσασα
1384 2297 1531 2350 Θησεῖ,
1568 2293 1643 2348 τὴν
1675 2294 1752 2349 μὲν
1784 2292 1973 2350 Φαίδραν

358 2418 539 2458 Exstant
571 2419 679 2458 haec
714 2418 757 2456 in
796 2417 1167 2468 MABVPNap.
1185 2417 1222 2456 D
1246 2430 1255 2455 z
1291 2421 1415 2467 caput
1447 2415 1487 2454 11
1518 2428 1597 2454 om.
1634 2414 1667 2453 P
1697 2413 1759 2465 (et
1787 2412 1966 2465 Haun.).

300 2472 481 2513 Videtur
507 2473 839 2513 contaminatum
862 2486 957 2513 esse
979 2478 1290 2523 argumentum,
1308 2484 1404 2510 nam
1427 2471 1532 2509 falsa
1552 2475 1652 2508 sunt
1672 2482 1782 2519 quae
1801 2482 1868 2508 vv.
1895 2480 1972 2507 11-

305 2530 355 2568 16
393 2529 602 2579 dicuntur,
636 2541 738 2567 vera
769 2528 952 2568 fortasse
984 2529 1155 2567 fuerunt
1187 2527 1241 2565 de
1276 2526 1418 2577 priore
1444 2523 1690 2575 Hippolyto
1722 2522 1972 2577 (στέργουσα

303 2613 314 2623 .
338 2614 346 2623 .
370 2613 379 2623 .
406 2582 783 2635 ἆπηγχονισμένην)
903 2596 919 2621 Ι
954 2584 1035 2624 υἱὸς
1052 2581 1158 2631 Nap.
1179 2581 1217 2620 D
1235 2595 1244 2620 z
1276 2593 1359 2621 om.
1378 2580 1508 2619 ceteri
1595 2581 1728 2632 αἴθρας
1744 2577 1971 2627 ἴππολύτης

301 2637 341 2676 Α
356 2638 391 2677 Β
410 2639 552 2677 Haun.
573 2638 668 2688 <sed
684 2650 790 2676 corr.
807 2637 846 2676 A
861 2637 919 2688 Β)
1046 2650 1070 2675 2
1102 2635 1367 2686 Ἱππολύτην]
1384 2633 1601 2683 Ἀντιόπην
1617 2633 1656 2672 D
1781 2645 1807 2682 4
1838 2632 1970 2684 Μίνω]

304 2693 459 2734 Μίνωος
478 2693 511 2731 Β
529 2693 637 2742 Nap.
790 2703 816 2742 5
845 2694 910 2734 καὶ
932 2691 1137 2743 πασιφάης
1153 2704 1234 2730 om.
1252 2688 1294 2728 M
1309 2689 1349 2728 A
1363 2688 1399 2728 B
1542 2701 1594 2727 10
1621 2688 1700 2737 τὴν
1719 2717 1729 2727 .
1754 2717 1764 2726 .
1787 2716 1796 2726 .
1817 2686 1971 2741 παρώρ-

302 2762 409 2798 μησε
439 2761 520 2786 om.
546 2746 587 2785 M
602 2746 642 2786 A
657 2746 692 2786 B
838 2760 854 2785 1
867 2760 884 2786 1
919 2746 1088 2796 ἐπέθηκε
1111 2746 1149 2784 Ν
1153 2759 1218 2795 ap.
1235 2743 1268 2783 P
1289 2759 1298 2784 :
1333 2745 1448 2793 ἔθηκε
1471 2742 1512 2781 Μ
1526 2743 1566 2782 Α
1580 2743 1615 2781 Β
1628 2742 1668 2780 V
1761 2740 1971 2794 στέγουσα

302 2802 598 2842 Valckenaer:
639 2801 872 2856 στέργουσα
902 2802 1040 2844 codd..
1063 2801 1246 2839 sortasse
1275 2804 1394 2838 reete
1420 2799 1456 2837 si
1484 2798 1537 2837 de
1565 2797 1709 2847 priore
1730 2795 1971 2847 Hippolyto

304 2856 463 2895 dictum
484 2862 551 2896 est
748 2858 828 2910 γὰρ
849 2856 958 2906 Nap.
978 2870 986 2894 :
1019 2854 1063 2897 δὲ
1085 2855 1218 2895 ceteri
1346 2854 1371 2902 ἡ
1391 2853 1539 2906 Φαίδρα
1560 2852 1666 2902 Nap.
1688 2865 1697 2890 z
1729 2864 1811 2890 om.
1834 2848 1970 2889 ceteri

308 2924 357 2950 12
391 2912 416 2960 ἡ
438 2911 483 2953 δὲ
503 2912 865 2964 κατεπηγγείλατο
888 2911 1015 2961 Nap.:
1052 2906 1466 2962 κατεπαγγειλαμένη
1487 2907 1620 2946 ceteri
1643 2906 1754 2960 (·νην
1775 2904 1968 2952 Brunck)

308 2976 356 3016 13
378 2968 442 3008 καὶ
463 2967 567 3020 παρὰ
589 2966 696 3016 Nap.
717 2967 750 3004 P
766 2966 803 3004 D
822 2979 831 3004 τ
862 2966 966 3006 κατὰ
983 2965 1023 3003 Μ
1038 2965 1078 3003 Α
1093 2965 1127 3003 Β
1142 2965 1179 3002 V
1283 2962 1509 3015 προήνεγκε
1526 2961 1567 2999 Μ
1584 2961 1619 3000 Β
1772 2970 1820 3010 15
1851 2956 1970 3000 σπεῦ·

306 3021 405 3070 δων]
427 3021 555 3063 θέλων
578 3021 684 3071 Nap.
705 3020 739 3060 P
934 3030 982 3070 17
1014 3020 1103 3061 κατ’
1124 3017 1436 3058 Wilamowitz:
1469 3018 1533 3057 καὶ
1553 3016 1674 3056 codd.
