2118 3366
827 124 1268 178 ΕΥΡΙΠΙΔΟΥ

211 254 306 303 Φα.
338 255 472 318 φιλῶ
502 250 651 305 τέκν’·
697 251 830 325 ἄλλῃ
862 252 904 305 δ’
937 255 990 306 ἐν
1019 254 1146 327 τύχῃ
1173 254 1488 324 χειμάζομαι.
1799 274 1873 316 315

209 338 298 400 Τρ.
337 336 491 402 ἁγνὰς
519 335 627 401 μέν,
661 333 699 388 ὦ
729 341 833 397 παῖ,
866 341 1039 406 χεῖρας
1071 340 1275 404 αἵματος
1305 344 1504 407 φορεῖς,·

210 421 307 469 Φα.
332 422 495 486 χεῖρες
524 422 617 484 μὲν
647 422 810 487 ἁγναί,
845 420 979 489 φρὴν
1010 420 1053 472 δ’
1084 421 1192 490 ἔχει
1219 421 1416 488 μίασμά
1445 444 1509 475 τι.

208 505 297 568 Τρ.
333 506 439 566 μῶν
471 500 529 566 ἐξ
555 504 769 555 ἐπακτοῦ
799 506 1024 570 πημονῆς
1055 507 1248 573 ἐχθρῶν
1276 527 1436 568 τινος,·

209 588 305 636 Φα.
331 586 482 652 φίλος
509 585 560 651 μ’
591 587 844 639 ἆπόλλυσ’
875 588 970 656 οὐχ
1001 590 1215 641 ἑκοῦσαν
1245 589 1339 658 οὐχ
1369 590 1509 643 ἑκών.

206 672 297 736 Τρ.
333 670 534 734 Θησεύς
564 670 657 722 τιν’
687 669 966 738 ἡμάρτηκεν
1000 674 1050 725 ἐς
1081 672 1130 722 σ’
1162 674 1431 739 ἁμαρτίαν,·
1797 691 1874 732 320

209 756 303 804 Φα.
327 751 393 818 μὴ
425 752 576 821 δρῶσ’
608 754 754 821 ἔγωγ’
787 756 975 807 ἐκεῖνον
1008 757 1221 823 ὀφθείην
1253 762 1430 811 κακῶς.

206 840 296 903 Τρ.
333 837 385 888 τί
411 839 505 904 γὰρ
535 837 591 889 τὸ
622 838 781 890 δεινὸν
811 839 942 891 τοῦθ’
973 840 1003 890 ὅ
1034 839 1082 891 σ’
1115 838 1299 908 ἐξαίρει
1329 845 1522 903 θανεῖν,·

206 924 303 972 Φα.
329 920 386 972 ἔα
414 920 463 986 μ’
495 923 744 989 ἁμαρτεῖν·
792 922 848 974 οὗ
877 925 973 990 γὰρ
1006 925 1056 977 ἐς
1089 927 1150 978 σὲ
1179 925 1460 992 ἁμαρτάνω.

204 1008 294 1071 Τρ.
332 1004 389 1055 οὐ
419 1005 523 1070 δῆθ’
554 1005 735 1058 ἑκοῦσά
763 1006 827 1074 γ’,
863 1009 917 1059 ἐν
948 1010 1001 1060 δὲ
1035 1008 1118 1060 σοὶ
1146 1009 1471 1077 λελείψομαι.

205 1092 301 1140 Φα.
325 1090 376 1140 τί
402 1090 542 1159 δρᾷς;
588 1089 740 1162 βιάζῃ
770 1091 937 1159 χειρὸς
968 1090 1306 1159 ἐξαρτωμένη,·
1767 1123 1770 1126 ’
1794 1110 1874 1153 325

204 1176 294 1239 Tp.
334 1172 412 1224 καὶ
444 1178 550 1225 σῶν
579 1195 639 1241 γε
667 1174 909 1242 γονάτων,
946 1176 1030 1227 κού
1061 1175 1351 1243 μεθήσομαί
1376 1199 1514 1231 ποτε.

206 1260 302 1308 Φα.
329 1255 449 1316 κάκ’,
483 1255 520 1309 ὦ
549 1257 775 1318 τάλαινα,
811 1261 893 1312 σοὶ
924 1259 1046 1319 τάδ’,
1083 1262 1125 1312 εἶ
1156 1261 1337 1334 πεύσῃ,
1372 1261 1513 1314 κακά.

203 1344 291 1407 Τρ.
330 1342 498 1406 μεῖζον
529 1344 624 1409 γὰρ
653 1338 682 1407 ἢ
715 1348 808 1395 σοῦ
836 1343 902 1409 μὴ
934 1349 1107 1412 τυχεῖν
1137 1347 1192 1397 τί
1214 1367 1299 1410 μοι
1331 1346 1505 1407 κακόν,·

204 1429 301 1476 Φα.
327 1425 476 1479 ὀλεῖς·
521 1426 578 1477 τὸ
607 1426 779 1491 μέντοι
810 1427 993 1494 πρᾶγμ’
1026 1429 1134 1494 ἐμοὶ
1164 1428 1310 1494 τιμὴν
1341 1428 1502 1496 φέρει.

202 1512 293 1575 Τρ.
332 1509 540 1562 κᾶπειτα
571 1511 796 1578 κρύπτεις
825 1509 1006 1579 χρήσθ’
1039 1512 1328 1578 ἱκνουμένης
1359 1515 1502 1578 ἐμοῦ,·
1794 1531 1873 1573 330

205 1597 300 1644 Φα.
327 1594 381 1644 ἐκ
410 1597 508 1645 τῶν
543 1596 638 1661 γὰρ
670 1597 895 1663 αἰσχρῶν
926 1597 1088 1648 ἐσθλὰ
1116 1598 1471 1666 μηχανώμεθα.

203 1681 294 1743 Τρ.
333 1678 506 1730 οὐκοῦν
536 1678 761 1746 λέγουσα
790 1679 1054 1747 τιμιωτέρα
1086 1688 1239 1754 φανῇ.

204 1765 300 1813 Φα.
327 1760 515 1814 ἄπελθε
543 1762 665 1830 πρὸς
698 1767 823 1815 θεῶν
854 1763 1015 1829 δεξιᾶς
1043 1764 1087 1815 τ’
1121 1767 1239 1830 ε’μῆς
1268 1765 1431 1831 μέθες.

202 1849 291 1912 Τρ.
331 1845 387 1897 οὐ
416 1845 535 1911 δῆτ’,
571 1848 684 1899 ἐπεί
707 1869 792 1912 μοι
822 1852 979 1916 δῶρον
1012 1848 1068 1900 οὐ
1098 1851 1243 1903 δίδως
1273 1849 1299 1901 ὃ
1330 1854 1474 1918 χρῆν.

205 1934 301 1981 Φα.
326 1930 487 1981 δώσω·
535 1930 695 1996 σέβας
726 1933 820 1999 γὰρ
851 1932 1018 2001 χειρὸς
1048 1935 1275 2000 αἰδοῦμαι
1305 1933 1363 1986 τὸ
1393 1936 1504 1987 σόν.
1794 1953 1871 1993 335

203 2017 291 2080 Τρ.
330 2014 506 2084 σιγῷμ’
538 2014 599 2067 ἂν
629 2014 737 2081 ἤδη·
786 2015 875 2070 σὸς
905 2019 1001 2084 γὰρ
1032 2018 1292 2071 οὑντεῦθεν
1322 2019 1491 2086 λόγος.

205 2102 300 2151 Φα.
327 2097 364 2150 ὦ
394 2102 599 2164 τλῆμον,
635 2101 756 2159 οἷον,
788 2104 957 2167 μῆτερ,
992 2100 1215 2169 ἠράσθης
1246 2102 1374 2170 ἔρον,

203 2186 292 2249 Τρ.
332 2181 389 2234 ὃν
419 2182 545 2252 ἔσχε
572 2184 784 2251 Ταύρου,
817 2184 1005 2245 τέκνον,
1038 2182 1068 2250 ἢ
1100 2188 1150 2238 τί
1178 2187 1277 2259 φῂς
1307 2187 1443 2247 τόδε,·

258 2300 339 2349 316
359 2298 538 2350 αἱμάτων
551 2300 652 2341 Chr.
667 2301 757 2341 Pat.
777 2314 854 2353 703
949 2303 1277 2358 φορεῖςΚΜΑ.
1298 2305 1431 2357 φέρεις
1444 2303 1532 2344 rell.
1646 2316 1728 2354 322
1749 2307 1871 2345 τοῦτο

205 2351 243 2394 σ’
266 2354 334 2394 Κ.
366 2356 475 2395 τοῦδ’
495 2355 517 2395 ὅ
538 2354 581 2395 Η
696 2357 843 2410 ἐξαιρεῖ
861 2357 904 2396 Μ
1069 2371 1149 2408 324
1179 2358 1399 2411 λελίψομαι
1422 2358 1491 2398 K:
1520 2357 1750 2411 λελήψομαι
1770 2359 1808 2398 V
1828 2365 1871 2399 et

204 2420 416 2459 suprascr.
439 2408 480 2447 A
643 2421 723 2460 325
755 2411 1002 2463 ἐξηρτημένη
1023 2413 1120 2453 VH
1145 2412 1288 2452 Haun.
1313 2426 1323 2451 ε
1354 2425 1463 2453 corr.
1486 2426 1514 2452 v
1676 2414 1759 2462 326
1787 2414 1872 2454 σῶν

206 2465 1058 2519 γεΚΜΕΡεσῶνΑᾙετῶνγεΒ
1212 2455 1870 2510 nthM201’1AVBLPH

204 2522 285 2571 328
313 2521 368 2571 μὴ
388 2521 552 2574 τυχεῖν]
572 2522 615 2575 ’γ’
637 2523 866 2574 ἆμπλακεῖν
887 2522 1092 2573 Hartung
1267 2535 1351 2573 329
1379 2523 1489 2565 ὀλεῖς
1510 2522 1764 2573 Musgrave:
1792 2523 1870 2576 ὀλῇ

206 2576 325 2615 codd.
363 2575 442 2626 (Κ)
474 2581 517 2615 et
550 2581 581 2620 Σ
802 2590 885 2627 330
929 2584 1028 2628 post
1057 2578 1224 2631 χρηστὰ
1255 2578 1355 2629 (sic)
1386 2577 1567 2627 spatium
1597 2589 1778 2616 vacuum
1810 2564 1868 2628 Μ,

205 2630 343 2681 suppl.
376 2630 436 2668 Μ2
655 2644 733 2694 331
767 2633 950 2681 αἷσχρῶν
980 2634 1108 2673 ἐσθλὰ
1132 2632 1219 2672 ν.1.
1249 2633 1293 2670 in
1320 2637 1367 2680 Σ,
1391 2632 1504 2670 unde
1530 2630 1590 2669 Μ2
1602 2630 1684 2670 13²:
1714 2633 1872 2673 ἐσθλῶν

206 2686 358 2738 αἰσχρὰ
377 2686 498 2726 codd.
525 2692 568 2726 et
588 2692 632 2732 Σ,
654 2687 781 2726 etiam
804 2686 844 2724 K
860 2687 899 2724 N
916 2687 953 2724 D
968 2687 1006 2726 O
1032 2687 1127 2739 (sed
1157 2687 1308 2739 αἰσχρὰ
1333 2686 1377 2724 in
1402 2698 1482 2725 ras.
1509 2685 1562 2733 L)
1584 2699 1668 2737 quo
1691 2691 1869 2736 recepto

204 2739 462 2792 μηχανῷμεθ’
501 2742 551 2782 ἂν
588 2741 813 2792 legendum
853 2740 961 2779 foret
1203 2752 1284 2790 332
1328 2742 1399 2780 οὐκ
1436 2739 1488 2788 ἣν
1525 2739 1569 2779 Η
1610 2740 1760 2790 (voluit
1797 2741 1868 2790 ἣν)

205 2806 286 2844 333
314 2793 374 2846 τ’]
396 2795 431 2836 δ’
454 2795 495 2835 Κ
516 2797 593 2835 sed
613 2795 650 2836 τ’
670 2807 884 2846 suprascr.
1016 2799 1083 2847 δεξ
1063 2796 1149 2847 ξιὰν
1170 2796 1270 2847 ἐμὴν
1291 2793 1345 2834 Β2
1365 2794 1403 2834 Ο
1424 2799 1467 2833 et
1489 2793 1598 2845 Nap.
1622 2795 1666 2834 in
1687 2794 1870 2835 Scholiis

205 2861 285 2899 337
315 2849 345 2890 ὦ
364 2852 492 2904 μῆτερ
512 2850 598 2892 οἷον
615 2853 775 2901 τλῆμον
794 2849 834 2888 V
855 2848 999 2890 Haun.
1022 2849 1059 2888 N
1201 2849 1300 2903 ἔρων
1316 2849 1357 2888 Κ
1537 2851 1619 2901 338
1647 2849 1797 2921 ταύρον
1814 2848 1869 2889 Β2

208 2904 340 2967 (ταῦρ.
364 2904 405 2944 Μ
428 2910 528 2944 ante
549 2904 681 2956 corr.)
705 2904 812 2943 salso
832 2917 887 2942 ex
907 2909 953 2953 Σ,
975 2904 1046 2954 qui
1069 2905 1124 2945 εἷς
1143 2905 1217 2945 τὸν
1235 2906 1382 2958 ταῦρον
1401 2903 1576 2955 interpr.
1716 2902 1867 2956 Ταύρου

206 2958 372 3010 scripsi,
415 2965 463 2998 ut
502 2972 657 2999 nomen
698 2958 946 3009 proprium;
990 2958 1039 2998 cf.
1085 2957 1287 3010 Palaeph.
1327 2958 1492 2999 Incred.
1532 2971 1624 3010 cap.
1661 2971 1710 3008 25
1755 2957 1866 2998 Plut.

206 3013 401 3054 Theseus
421 3014 492 3053 xvi
