2118 3366
853 117 1353 167 ΑΝΔΡΟΜΑΧΗ

275 255 577 296 ΕΡΜῙΟΝΗ

401 330 592 396 κόσμον
620 332 712 396 μὲν
743 330 872 397 ἀμφὶ
903 329 1042 397 κρατὶ
1071 327 1290 397 χρυσέας
1318 331 1497 396 χλιδῆς

400 413 625 479 στολμόν
654 435 708 466 τε
740 412 931 481 χρωτὸς
960 413 1105 465 τόνδε
1135 414 1375 465 ποικίλων
1405 410 1615 466 πέπλων

399 497 457 549 οὐ
484 501 583 548 τῶν
613 495 895 565 Ἀχιλλέως
925 497 1038 548 οὐδὲ
1070 495 1283 561 Πηλέως
1312 495 1412 549 ἄπο

399 581 563 646 δόμων
592 581 821 649 ἀπαρχὰς
850 579 976 647 δεῦρ’
1008 579 1179 648 ἔχουσ’
1209 580 1480 647 ἀφικόμην,
1866 597 1946 639 150

399 663 518 716 ἀλλ’
550 665 602 715 ἐκ
634 665 887 730 Λακαίνης
918 663 1275 730 Σπαρτιάτιδος
1303 663 1487 732 χθονὸς

402 747 665 802 Μενέλαος
695 748 812 814 ἡμῖν
841 753 995 800 ταῦτα
1025 753 1250 815 δωρεῖται
1281 748 1442 815 πατὴρ

399 837 613 886 πολλοῖς
645 832 738 884 σὺν
770 833 946 893 ἕδνοις,
980 831 1100 884 ὥστ’
1137 834 1595 900 ἐλευθεροστομεῖν.

399 917 524 982 ὑμᾶς
554 918 647 982 μὲν
678 916 764 968 οὖν
792 916 953 968 τοῖσδ’
984 917 1348 982 ἀνταμείβομαι
1378 918 1567 983 λόγοις·

485 999 549 1052 σὺ
580 999 623 1052 δ’
653 1000 781 1051 οὖσα
812 1000 964 1065 δούλη
999 1001 1077 1053 καὶ
1109 1002 1392 1067 δορίκτητος
1421 1000 1544 1067 γυνὴ
1867 1018 1943 1058 155

401 1084 580 1150 δόμους
610 1090 883 1153 κατασχεῖν
913 1083 1187 1150 ἐκβαλοῦσ’
1216 1084 1344 1149 ἡμᾶς
1376 1083 1539 1137 θέλεις

399 1168 595 1227 τούσδε,
630 1173 903 1236 στυγοῦμαι
934 1168 975 1220 δ’
1006 1169 1146 1236 ἀνδρὶ
1179 1167 1489 1235 φαρμάκοισι
1520 1172 1647 1227 σοῖς,

401 1252 547 1317 νηδὺς
577 1252 619 1303 δ’
652 1253 851 1318 ἀκύμων
881 1254 961 1304 διὰ
993 1252 1055 1305 σέ
1083 1273 1167 1317 μοι
1199 1252 1472 1303 διόλλυται·

401 1336 535 1400 δεινὴ
566 1338 661 1403 γὰρ
693 1336 955 1403 ἠπειρῶτις
986 1338 1055 1390 εἷς
1084 1339 1145 1388 τὰ
1174 1334 1341 1388 τοιάδε

398 1419 541 1488 ψυχὴ
572 1426 835 1487 γυναικῶν·
881 1422 950 1472 ῶν
982 1418 1248 1487 ἐπισχήσω
1281 1419 1331 1469 σ’
1364 1420 1479 1487 ἐγώ,
1869 1425 1945 1468 160

401 1502 573 1556 κούδέν
604 1503 653 1554 σ’
685 1504 859 1569 ὀνήσει
890 1508 1028 1570 δῶμα
1059 1505 1288 1575 Νηρῇδος
1317 1505 1447 1564 τόδε,

401 1588 458 1639 οὐ
487 1587 660 1654 βωμὸς
691 1589 803 1641 οὐδὲ
832 1589 965 1648 ναός,
999 1589 1133 1640 ἀλλὰ
1167 1592 1398 1660 κατθανῇ.

398 1667 460 1736 ἢν
490 1672 532 1723 δ’
563 1672 649 1724 οὗν
678 1677 878 1739 βροτῶν
907 1674 982 1727 τίς
1016 1672 1064 1722 σ’
1094 1668 1123 1736 ἢ
1157 1677 1281 1724 θεῶν
1313 1677 1479 1742 σῷσαι
1508 1670 1652 1748 θέλῃ,

399 1759 477 1808 δεῖ
505 1756 553 1806 σ’
578 1756 686 1809 ἀντὶ
716 1762 813 1809 τῶν
843 1758 958 1824 πρὶν
989 1758 1183 1823 ὀλβίων
1215 1756 1548 1824 φρονημάτων

399 1840 580 1906 πτῆξαι
609 1841 846 1905 ταπεινὴν
877 1846 1190 1909 προσπεσεῖν
1219 1840 1263 1892 τ’
1294 1840 1413 1905 ἐμὸν
1444 1842 1581 1907 γόνυ,
1867 1847 1941 1899 165

399 1926 591 1993 σαίρειν
621 1946 676 1977 τε
707 1929 845 1990 δῶμα
873 1924 1054 1990 τούμὸν
1086 1927 1139 1977 ἐκ
1168 1923 1500 1993 χρυσηλάτων

397 2009 616 2078 τευχέων
643 2010 754 2077 χερὶ
786 2011 1095 2076 σπείρουσαν
1125 2006 1380 2079 Ἀχελῴου
1410 2010 1609 2074 δρόσον,

396 2095 590 2160 γνῶναί
614 2093 657 2144 θ’
689 2093 750 2145 ἵν’
783 2094 831 2145 εἳ
854 2097 962 2161 γῆς.
1052 2094 1108 2145 οὐ
1137 2093 1232 2160 γάρ
1265 2092 1372 2145 ἐσθ’
1394 2091 1597 2160 ’Έκτωρ
1628 2093 1760 2153 τάδε,

397 2176 455 2228 οὗ
485 2179 713 2244 Πρίαμος
743 2177 857 2229 οὐδὲ
886 2178 1091 2246 χρυσός,
1125 2176 1240 2229 ἀλλ’
1269 2175 1459 2230 Ἑλλὰς
1490 2178 1652 2232 πόλις.

396 2262 466 2315 εἷς
495 2266 641 2313 τοῦτο
672 2261 713 2313 δ’
743 2261 876 2326 ἥκεις
908 2263 1136 2327 ἀμαθίας,
1170 2262 1382 2326 δύστηνε
1413 2261 1494 2321 σύ,
1862 2277 1939 2319 170

394 2343 425 2410 ἢ
456 2346 594 2398 παιδὶ
626 2347 826 2413 πατρός,
862 2345 917 2399 ὃς
947 2345 1042 2397 σὸν
1074 2346 1268 2398 ὤλεσεν
1298 2346 1465 2404 πόσιν,

393 2431 583 2500 τολμᾷς
613 2428 862 2495 ξυνεύδειν
895 2431 973 2481 καὶ
1004 2428 1133 2482 τέκν’
1165 2428 1401 2481 αὐθέντου
1430 2428 1563 2496 πάρα

393 2515 592 2566 τίκτειν.
680 2519 903 2566 τοιοῦτον
933 2517 1031 2566 πᾶν
1061 2513 1118 2565 τὸ
1148 2513 1415 2581 βάρβαρον
1445 2512 1606 2580 γένος·

326 2629 403 2678 148
446 2628 602 2670 στόλον
641 2630 674 2669 L
689 2629 724 2668 B
892 2633 1020 2671 τῶνδε
1058 2629 1149 2668 AV
1163 2629 1196 2668 P
1421 2640 1494 2677 151
1542 2629 1639 2670 ἀλλ’
1676 2631 1748 2670 οὔκ
1786 2629 1936 2671 Nauck

269 2694 345 2734 154
373 2684 502 2725 τοῖσδ’
525 2684 559 2723 L
582 2689 689 2734 (non
711 2685 743 2733 l)
762 2701 770 2725 :
799 2685 968 2725 τοιοῖσδ’
989 2684 1080 2724 rell.
1105 2684 1339 2734 (ἀμείβομαι
1363 2683 1396 2722 Ρ
1411 2683 1473 2732 O)
1645 2695 1722 2734 159
1752 2684 1936 2724 fortasse

264 2739 479 2791 ἡπειρῶτις
606 2741 685 2778 160
713 2740 824 2792 ψυχὴ
847 2740 973 2778 etiam
994 2744 1038 2788 Σ,
1059 2739 1102 2777 ni
1123 2739 1246 2778 fallor
1265 2753 1273 2778 :
1303 2738 1415 2791 ψύχη
1431 2736 1596 2776 Verrall
1728 2740 1805 2789 163
1836 2744 1935 2782 θεῶν

263 2810 327 2834 τις
348 2793 387 2834 σ’
403 2794 429 2842 ἢ
450 2797 608 2847 βροτῶν
631 2793 664 2832 Ρ
684 2795 747 2844 (τί
767 2794 806 2834 σ’
824 2793 866 2832 Μ
886 2808 895 2833 t
926 2793 988 2835 τίς
1002 2793 1060 2843 Α)
1177 2794 1253 2842 165
1282 2795 1554 2847 προυσπεσεΐν
1577 2791 1619 2830 Μ
1735 2795 1810 2844 167
1840 2797 1933 2848 χερὶ

265 2847 489 2901 σπείρασαν
510 2847 544 2886 L
566 2854 692 2897 (corr.
709 2848 743 2896 l)
763 2862 771 2888 :
802 2849 890 2901 περὶ
911 2848 1155 2901 σπείρουσαν
1176 2847 1210 2886 Ρ
1390 2847 1467 2885 168
1495 2848 1561 2888 ἵνα
1579 2846 1605 2896 ἦ
1624 2850 1702 2900 γῆς
1722 2847 1809 2887 VB
1831 2863 1840 2888 :
1868 2851 1935 2891 ἵνα

261 2901 413 2996 {cifis-‘xz
548 2904 626 2953 169
654 2902 747 2944 οὐδὲ
765 2902 918 2957 χρυσός
939 2903 1059 2942 codd.
1085 2907 1127 2941 et
1148 2907 1202 2946 Σε
1233 2902 1284 2941 cf.
1309 2902 1407 2941 Tro.
1432 2912 1514 2950 995
1668 2914 1743 2953 173
1772 2907 1933 2944 τοιοῦτο
