<?xml version="1.0" encoding="UTF-8"?>
<!DOCTYPE html PUBLIC "-//W3C//DTD XHTML 1.0 Transitional//EN"
    "http://www.w3.org/TR/xhtml1/DTD/xhtml1-transitional.dtd">
<html xmlns="http://www.w3.org/1999/xhtml" xml:lang="en" lang="en">
 <head>
  <title>
</title>
<meta http-equiv="Content-Type" content="text/html;charset=utf-8" />
  <meta name='ocr-system' content='tesseract 3.04.00' />
  <meta name='ocr-capabilities' content='ocr_page ocr_carea ocr_par ocr_line ocrx_word'/>
</head>
<body>
  <div class='ocr_page' id='page_1' title='image "./euripidistragoed01euriuoft_0287.png"; bbox 0 0 2118 3366; ppageno 0'>
   <div class='ocr_carea' id='block_1_1' title="bbox 783 136 1288 189">
    <p class='ocr_par' dir='ltr' id='par_1_1' title="bbox 783 136 1288 189">
     <span class='ocr_line' id='line_1_1' title="bbox 783 136 1288 189; baseline 0.01 -5"><span class='ocrx_word' id='word_1_1' title='bbox 783 136 1288 189; x_wconf 90' lang='grc' dir='ltr'>ΑΝΔΡΟΜΑΧΗ</span> 
     </span>
    </p>
   </div>
   <div class='ocr_carea' id='block_1_2' title="bbox 332 263 1566 588">
    <p class='ocr_par' dir='ltr' id='par_1_2' title="bbox 332 263 1566 588">
     <span class='ocr_line' id='line_1_2' title="bbox 335 263 1546 335; baseline 0.007 -20"><span class='ocrx_word' id='word_1_2' title='bbox 335 265 582 317; x_wconf 88' lang='grc' dir='ltr'>πίτνουσα</span> <span class='ocrx_word' id='word_1_3' title='bbox 609 263 1043 334; x_wconf 62' lang='grc' dir='ltr'>γονάτων-χειρὶ</span> <span class='ocrx_word' id='word_1_4' title='bbox 1074 267 1116 319; x_wconf 87' lang='grc' dir='ltr'>δ’</span> <span class='ocrx_word' id='word_1_5' title='bbox 1148 268 1233 319; x_wconf 88' lang='grc' dir='ltr'>οὐκ</span> <span class='ocrx_word' id='word_1_6' title='bbox 1265 268 1437 333; x_wconf 79' lang='grc' dir='ltr'>ἔξεστί</span> <span class='ocrx_word' id='word_1_7' title='bbox 1459 291 1546 335; x_wconf 94' lang='grc' dir='ltr'>μοι</span> 
     </span>
     <span class='ocr_line' id='line_1_3' title="bbox 334 347 1476 418; baseline 0.006 -20"><span class='ocrx_word' id='word_1_8' title='bbox 334 351 423 412; x_wconf 88' lang='grc' dir='ltr'>τῆς</span> <span class='ocrx_word' id='word_1_9' title='bbox 453 350 548 412; x_wconf 91' lang='grc' dir='ltr'>σῆς</span> <span class='ocrx_word' id='word_1_10' title='bbox 575 347 834 414; x_wconf 87' lang='grc' dir='ltr'>λαβέσθαι</span> <span class='ocrx_word' id='word_1_11' title='bbox 865 349 1112 416; x_wconf 80' lang='grc' dir='ltr'>φιλτάτης</span> <span class='ocrx_word' id='word_1_12' title='bbox 1142 352 1476 418; x_wconf 69' lang='grc' dir='ltr'>γενειάδος-</span> 
     </span>
     <span class='ocr_line' id='line_1_4' title="bbox 332 431 1508 501; baseline 0.005 -19"><span class='ocrx_word' id='word_1_13' title='bbox 332 432 488 498; x_wconf 82' lang='grc' dir='ltr'>ῥῦσαί</span> <span class='ocrx_word' id='word_1_14' title='bbox 511 453 575 497; x_wconf 89' lang='grc' dir='ltr'>με</span> <span class='ocrx_word' id='word_1_15' title='bbox 604 431 728 500; x_wconf 84' lang='grc' dir='ltr'>πρὸς</span> <span class='ocrx_word' id='word_1_16' title='bbox 758 437 902 485; x_wconf 90' lang='grc' dir='ltr'>θεῶν·</span> <span class='ocrx_word' id='word_1_17' title='bbox 949 435 993 486; x_wconf 89' lang='grc' dir='ltr'>εἰ</span> <span class='ocrx_word' id='word_1_18' title='bbox 1023 437 1078 487; x_wconf 79' lang='grc' dir='ltr'>δὲ</span> <span class='ocrx_word' id='word_1_19' title='bbox 1105 434 1191 500; x_wconf 88' lang='grc' dir='ltr'>μή,</span> <span class='ocrx_word' id='word_1_20' title='bbox 1225 436 1508 501; x_wconf 82' lang='grc' dir='ltr'>θανούμεθα</span> 
     </span>
     <span class='ocr_line' id='line_1_5' title="bbox 336 516 1566 588; baseline 0.006 -23"><span class='ocrx_word' id='word_1_21' title='bbox 336 516 560 583; x_wconf 82' lang='grc' dir='ltr'>αἰσχρῶς</span> <span class='ocrx_word' id='word_1_22' title='bbox 590 518 684 581; x_wconf 83' lang='grc' dir='ltr'>μὲν</span> <span class='ocrx_word' id='word_1_23' title='bbox 713 517 844 582; x_wconf 82' lang='grc' dir='ltr'>ὑμῖν,</span> <span class='ocrx_word' id='word_1_24' title='bbox 879 521 1138 586; x_wconf 80' lang='grc' dir='ltr'>δυστυχῶς</span> <span class='ocrx_word' id='word_1_25' title='bbox 1170 518 1211 571; x_wconf 88' lang='grc' dir='ltr'>δ’</span> <span class='ocrx_word' id='word_1_26' title='bbox 1243 521 1368 585; x_wconf 82' lang='grc' dir='ltr'>ἐμοί,</span> <span class='ocrx_word' id='word_1_27' title='bbox 1402 518 1566 588; x_wconf 82' lang='grc' dir='ltr'>γέρον.</span> 
     </span>
    </p>
   </div>
   <div class='ocr_carea' id='block_1_3' title="bbox 298 600 1436 668">
    <p class='ocr_par' dir='ltr' id='par_1_3' title="bbox 298 600 1436 668">
     <span class='ocr_line' id='line_1_6' title="bbox 298 600 1436 668; baseline 0.006 -19"><span class='ocrx_word' id='word_1_28' title='bbox 298 637 309 649; x_wconf 94' lang='grc'>.</span> <span class='ocrx_word' id='word_1_29' title='bbox 333 602 501 666; x_wconf 82' lang='grc' dir='ltr'>χαλᾶν</span> <span class='ocrx_word' id='word_1_30' title='bbox 531 600 715 652; x_wconf 85' lang='grc' dir='ltr'>κελεύω</span> <span class='ocrx_word' id='word_1_31' title='bbox 747 603 910 666; x_wconf 85' lang='grc' dir='ltr'>δεσμὰ</span> <span class='ocrx_word' id='word_1_32' title='bbox 940 602 1056 668; x_wconf 92' lang='grc' dir='ltr'>πρὶν</span> <span class='ocrx_word' id='word_1_33' title='bbox 1088 604 1280 655; x_wconf 81' lang='grc' dir='ltr'>κλαίειν</span> <span class='ocrx_word' id='word_1_34' title='bbox 1310 603 1436 663; x_wconf 89' lang='grc' dir='ltr'>τινά,</span> 
     </span>
    </p>
   </div>
   <div class='ocr_carea' id='block_1_4' title="bbox 337 682 1334 754">
    <p class='ocr_par' dir='ltr' id='par_1_4' title="bbox 337 682 1334 754">
     <span class='ocr_line' id='line_1_7' title="bbox 337 682 1334 754; baseline 0.006 -21"><span class='ocrx_word' id='word_1_35' title='bbox 337 682 415 733; x_wconf 86' lang='grc' dir='ltr'>καὶ</span> <span class='ocrx_word' id='word_1_36' title='bbox 445 685 600 747; x_wconf 87' lang='grc' dir='ltr'>τῆσδε</span> <span class='ocrx_word' id='word_1_37' title='bbox 627 689 801 751; x_wconf 86' lang='grc' dir='ltr'>χεῖρας</span> <span class='ocrx_word' id='word_1_38' title='bbox 831 685 1098 754; x_wconf 84' lang='grc' dir='ltr'>διπτύχους</span> <span class='ocrx_word' id='word_1_39' title='bbox 1128 687 1334 739; x_wconf 88' lang='grc' dir='ltr'>ἀνιέναι.</span> 
     </span>
    </p>
   </div>
   <div class='ocr_carea' id='block_1_5' title="bbox 298 766 1521 839">
    <p class='ocr_par' dir='ltr' id='par_1_5' title="bbox 298 766 1521 839">
     <span class='ocr_line' id='line_1_8' title="bbox 298 766 1521 839; baseline 0.006 -22"><span class='ocrx_word' id='word_1_40' title='bbox 298 804 309 817; x_wconf 90' lang='grc'>.</span> <span class='ocrx_word' id='word_1_41' title='bbox 335 767 434 833; x_wconf 82' lang='grc' dir='ltr'>ἐγὼ</span> <span class='ocrx_word' id='word_1_42' title='bbox 465 766 507 818; x_wconf 90' lang='grc' dir='ltr'>δ’</span> <span class='ocrx_word' id='word_1_43' title='bbox 538 769 739 820; x_wconf 84' lang='grc' dir='ltr'>ἀπαυδῶ</span> <span class='ocrx_word' id='word_1_44' title='bbox 770 768 818 835; x_wconf 84' lang='grc' dir='ltr'>γ’</span> <span class='ocrx_word' id='word_1_45' title='bbox 848 768 1005 822; x_wconf 83' lang='grc' dir='ltr'>ἄλλος</span> <span class='ocrx_word' id='word_1_46' title='bbox 1037 769 1131 839; x_wconf 84' lang='grc' dir='ltr'>οὐχ</span> <span class='ocrx_word' id='word_1_47' title='bbox 1160 771 1338 835; x_wconf 87' lang='grc' dir='ltr'>ἥσσων</span> <span class='ocrx_word' id='word_1_48' title='bbox 1370 770 1521 824; x_wconf 87' lang='grc' dir='ltr'>σέθεν</span> 
     </span>
    </p>
   </div>
   <div class='ocr_carea' id='block_1_6' title="bbox 336 850 1332 922">
    <p class='ocr_par' dir='ltr' id='par_1_6' title="bbox 336 850 1332 922">
     <span class='ocr_line' id='line_1_9' title="bbox 336 850 1332 922; baseline 0.005 -21"><span class='ocrx_word' id='word_1_49' title='bbox 336 850 415 921; x_wconf 87' lang='grc' dir='ltr'>καὶ</span> <span class='ocrx_word' id='word_1_50' title='bbox 445 853 597 915; x_wconf 84' lang='grc' dir='ltr'>τῆσδε</span> <span class='ocrx_word' id='word_1_51' title='bbox 627 857 803 922; x_wconf 80' lang='grc' dir='ltr'>πολλῷ</span> <span class='ocrx_word' id='word_1_52' title='bbox 837 854 1125 921; x_wconf 83' lang='grc' dir='ltr'>κυριώτερος</span> <span class='ocrx_word' id='word_1_53' title='bbox 1155 856 1332 922; x_wconf 91' lang='grc' dir='ltr'>γεγώς.</span> 
     </span>
    </p>
   </div>
   <div class='ocr_carea' id='block_1_7' title="bbox 299 933 1431 1004">
    <p class='ocr_par' dir='ltr' id='par_1_7' title="bbox 299 933 1431 1004">
     <span class='ocr_line' id='line_1_10' title="bbox 299 933 1431 1004; baseline 0.005 -20"><span class='ocrx_word' id='word_1_54' title='bbox 299 972 310 984; x_wconf 92' lang='grc'>.</span> <span class='ocrx_word' id='word_1_55' title='bbox 335 939 462 994; x_wconf 89' lang='grc' dir='ltr'>πῶς;</span> <span class='ocrx_word' id='word_1_56' title='bbox 510 933 541 998; x_wconf 84' lang='grc' dir='ltr'><em>ἧ</em></span> <span class='ocrx_word' id='word_1_57' title='bbox 570 934 657 987; x_wconf 86' lang='grc' dir='ltr'>τὸν</span> <span class='ocrx_word' id='word_1_58' title='bbox 687 936 813 1001; x_wconf 87' lang='grc' dir='ltr'>ἀμὸν</span> <span class='ocrx_word' id='word_1_59' title='bbox 845 936 982 988; x_wconf 81' lang='grc' dir='ltr'>οἶκον</span> <span class='ocrx_word' id='word_1_60' title='bbox 1012 937 1231 1002; x_wconf 85' lang='grc' dir='ltr'>οἰκήσεις</span> <span class='ocrx_word' id='word_1_61' title='bbox 1260 940 1431 1004; x_wconf 85' lang='grc' dir='ltr'>μολὼν</span> 
     </span>
    </p>
   </div>
   <div class='ocr_carea' id='block_1_8' title="bbox 336 1018 1688 1090">
    <p class='ocr_par' dir='ltr' id='par_1_8' title="bbox 336 1018 1688 1090">
     <span class='ocr_line' id='line_1_11' title="bbox 336 1018 1688 1090; baseline 0.006 -21"><span class='ocrx_word' id='word_1_62' title='bbox 336 1018 488 1084; x_wconf 84' lang='grc' dir='ltr'>δεῦρ’,·</span> <span class='ocrx_word' id='word_1_63' title='bbox 536 1020 630 1087; x_wconf 84' lang='grc' dir='ltr'>οὐχ</span> <span class='ocrx_word' id='word_1_64' title='bbox 660 1018 773 1073; x_wconf 83' lang='grc' dir='ltr'>ἅλις</span> <span class='ocrx_word' id='word_1_65' title='bbox 804 1042 889 1071; x_wconf 93' lang='grc' dir='ltr'>σοι</span> <span class='ocrx_word' id='word_1_66' title='bbox 918 1026 1016 1073; x_wconf 90' lang='grc' dir='ltr'>τῶν</span> <span class='ocrx_word' id='word_1_67' title='bbox 1049 1024 1171 1073; x_wconf 80' lang='grc' dir='ltr'>κατὰ</span> <span class='ocrx_word' id='word_1_68' title='bbox 1202 1022 1435 1090; x_wconf 87' lang='grc' dir='ltr'>Σπάρτην</span> <span class='ocrx_word' id='word_1_69' title='bbox 1469 1029 1688 1090; x_wconf 87' lang='grc' dir='ltr'>κρατεῖν,·</span> 
     </span>
    </p>
   </div>
   <div class='ocr_carea' id='block_1_9' title="bbox 299 1102 1380 1173">
    <p class='ocr_par' dir='ltr' id='par_1_9' title="bbox 299 1102 1380 1173">
     <span class='ocr_line' id='line_1_12' title="bbox 299 1102 1380 1173; baseline 0.006 -21"><span class='ocrx_word' id='word_1_70' title='bbox 299 1139 310 1152; x_wconf 94' lang='grc'>.</span> <span class='ocrx_word' id='word_1_71' title='bbox 336 1102 475 1153; x_wconf 75' lang='grc' dir='ltr'>εῗλόν</span> <span class='ocrx_word' id='word_1_72' title='bbox 504 1123 582 1154; x_wconf 91' lang='grc' dir='ltr'>νιν</span> <span class='ocrx_word' id='word_1_73' title='bbox 612 1102 935 1171; x_wconf 84' lang='grc' dir='ltr'>αἰχμάλωτον</span> <span class='ocrx_word' id='word_1_74' title='bbox 967 1107 1020 1156; x_wconf 85' lang='grc' dir='ltr'>ἐκ</span> <span class='ocrx_word' id='word_1_75' title='bbox 1049 1108 1233 1171; x_wconf 91' lang='grc' dir='ltr'>Τροίας</span> <span class='ocrx_word' id='word_1_76' title='bbox 1263 1108 1380 1173; x_wconf 86' lang='grc' dir='ltr'>ε’γώ.</span> 
     </span>
    </p>
   </div>
   <div class='ocr_carea' id='block_1_10' title="bbox 210 1185 1565 1421">
    <p class='ocr_par' dir='ltr' id='par_1_10' title="bbox 210 1185 1565 1421">
     <span class='ocr_line' id='line_1_13' title="bbox 210 1185 1565 1259; baseline 0.007 -24"><span class='ocrx_word' id='word_1_77' title='bbox 210 1189 310 1249; x_wconf 94' lang='grc' dir='ltr'>Πη.</span> <span class='ocrx_word' id='word_1_78' title='bbox 335 1185 484 1250; x_wconf 83' lang='grc' dir='ltr'>οὑμὸς</span> <span class='ocrx_word' id='word_1_79' title='bbox 515 1185 571 1238; x_wconf 87' lang='grc' dir='ltr'>δέ</span> <span class='ocrx_word' id='word_1_80' title='bbox 598 1186 646 1254; x_wconf 86' lang='grc' dir='ltr'>γ’</span> <span class='ocrx_word' id='word_1_81' title='bbox 676 1187 829 1251; x_wconf 80' lang='grc' dir='ltr'>αὐτὴν</span> <span class='ocrx_word' id='word_1_82' title='bbox 859 1188 1019 1254; x_wconf 85' lang='grc' dir='ltr'>ἔλαβε</span> <span class='ocrx_word' id='word_1_83' title='bbox 1048 1194 1164 1243; x_wconf 85' lang='grc' dir='ltr'>παῖς</span> <span class='ocrx_word' id='word_1_84' title='bbox 1195 1190 1369 1244; x_wconf 87' lang='grc' dir='ltr'>παιδὸς</span> <span class='ocrx_word' id='word_1_85' title='bbox 1398 1190 1565 1259; x_wconf 86' lang='grc' dir='ltr'>γέρας.</span> 
     </span>
     <span class='ocr_line' id='line_1_14' title="bbox 210 1269 1374 1340; baseline 0.006 -21"><span class='ocrx_word' id='word_1_86' title='bbox 210 1272 308 1320; x_wconf 91' lang='grc' dir='ltr'>Με.</span> <span class='ocrx_word' id='word_1_87' title='bbox 335 1269 512 1322; x_wconf 78' lang='grc' dir='ltr'>οὔκουν</span> <span class='ocrx_word' id='word_1_88' title='bbox 543 1271 732 1322; x_wconf 84' lang='grc' dir='ltr'>ἐκείνου</span> <span class='ocrx_word' id='word_1_89' title='bbox 761 1273 894 1337; x_wconf 80' lang='grc' dir='ltr'>τάμὰ</span> <span class='ocrx_word' id='word_1_90' title='bbox 924 1274 1151 1325; x_wconf 90' lang='grc' dir='ltr'>τάκείνου</span> <span class='ocrx_word' id='word_1_91' title='bbox 1181 1274 1224 1324; x_wconf 84' lang='grc' dir='ltr'>τ’</span> <span class='ocrx_word' id='word_1_92' title='bbox 1257 1274 1374 1340; x_wconf 85' lang='grc' dir='ltr'>ἐμά,·</span> 
     </span>
     <span class='ocr_line' id='line_1_15' title="bbox 298 1348 472 1421; baseline 0.006 -17"><span class='ocrx_word' id='word_1_93' title='bbox 298 1391 309 1404; x_wconf 93' lang='grc'>.</span> <span class='ocrx_word' id='word_1_94' title='bbox 334 1348 472 1421; x_wconf 91' lang='grc' dir='ltr'>[ναί,]</span> 
     </span>
    </p>
   </div>
   <div class='ocr_carea' id='block_1_11' title="bbox 211 1525 311 1838">
    <p class='ocr_par' dir='ltr' id='par_1_11' title="bbox 211 1525 311 1838">
     <span class='ocr_line' id='line_1_16' title="bbox 211 1525 310 1572; baseline 0 0"><span class='ocrx_word' id='word_1_95' title='bbox 211 1525 310 1572; x_wconf 93' lang='grc' dir='ltr'>Με.</span> 
     </span>
     <span class='ocr_line' id='line_1_17' title="bbox 211 1608 310 1669; baseline 0.02 -14"><span class='ocrx_word' id='word_1_96' title='bbox 211 1608 310 1669; x_wconf 93' lang='grc' dir='ltr'>Πη.</span> 
     </span>
     <span class='ocr_line' id='line_1_18' title="bbox 212 1692 311 1741; baseline 0.01 -1"><span class='ocrx_word' id='word_1_97' title='bbox 212 1692 311 1741; x_wconf 89' lang='grc' dir='ltr'>Με.</span> 
     </span>
     <span class='ocr_line' id='line_1_19' title="bbox 211 1777 311 1838; baseline 0.02 -14"><span class='ocrx_word' id='word_1_98' title='bbox 211 1777 311 1838; x_wconf 93' lang='grc' dir='ltr'>Πη.</span> 
     </span>
    </p>
   </div>
   <div class='ocr_carea' id='block_1_12' title="bbox 334 1438 1641 2686">
    <p class='ocr_par' dir='ltr' id='par_1_12' title="bbox 334 1438 1641 2099">
     <span class='ocr_line' id='line_1_20' title="bbox 338 1438 1554 1513; baseline 0.006 -25"><span class='ocrx_word' id='word_1_99' title='bbox 338 1440 458 1504; x_wconf 85' lang='grc' dir='ltr'>δρᾶν</span> <span class='ocrx_word' id='word_1_100' title='bbox 489 1438 557 1497; x_wconf 81' lang='grc' dir='ltr'>εὖ,</span> <span class='ocrx_word' id='word_1_101' title='bbox 593 1444 750 1493; x_wconf 89' lang='grc' dir='ltr'>κακῶς</span> <span class='ocrx_word' id='word_1_102' title='bbox 780 1439 823 1491; x_wconf 91' lang='grc' dir='ltr'>δ’</span> <span class='ocrx_word' id='word_1_103' title='bbox 855 1441 927 1499; x_wconf 82' lang='grc' dir='ltr'>οὔ,</span> <span class='ocrx_word' id='word_1_104' title='bbox 959 1441 1072 1506; x_wconf 86' lang='grc' dir='ltr'>μηδ’</span> <span class='ocrx_word' id='word_1_105' title='bbox 1105 1443 1417 1495; x_wconf 85' lang='grc' dir='ltr'>ἀποκτείνειν</span> <span class='ocrx_word' id='word_1_106' title='bbox 1447 1445 1554 1513; x_wconf 76' lang='grc' dir='ltr'>βίᾳ.</span> 
     </span>
     <span class='ocr_line' id='line_1_21' title="bbox 334 1520 1432 1595; baseline 0.005 -22"><span class='ocrx_word' id='word_1_107' title='bbox 334 1521 400 1575; x_wconf 82' lang='grc' dir='ltr'>ὡς</span> <span class='ocrx_word' id='word_1_108' title='bbox 429 1520 562 1587; x_wconf 90' lang='grc' dir='ltr'>τήνδ’</span> <span class='ocrx_word' id='word_1_109' title='bbox 594 1522 800 1588; x_wconf 82' lang='grc' dir='ltr'>ἀπάξεις</span> <span class='ocrx_word' id='word_1_110' title='bbox 831 1525 1001 1577; x_wconf 80' lang='grc' dir='ltr'>οὔποτ’</span> <span class='ocrx_word' id='word_1_111' title='bbox 1031 1524 1092 1590; x_wconf 77' lang='grc' dir='ltr'>ἐξ</span> <span class='ocrx_word' id='word_1_112' title='bbox 1118 1528 1238 1591; x_wconf 83' lang='grc' dir='ltr'>ἐμῆς</span> <span class='ocrx_word' id='word_1_113' title='bbox 1268 1528 1432 1595; x_wconf 87' lang='grc' dir='ltr'>χερός.</span> 
     </span>
     <span class='ocr_line' id='line_1_22' title="bbox 337 1604 1431 1678; baseline 0.005 -22"><span class='ocrx_word' id='word_1_114' title='bbox 337 1604 571 1677; x_wconf 79' lang='grc' dir='ltr'>σκήπτρῳ</span> <span class='ocrx_word' id='word_1_115' title='bbox 603 1610 657 1660; x_wconf 80' lang='grc' dir='ltr'>δὲ</span> <span class='ocrx_word' id='word_1_116' title='bbox 685 1612 811 1678; x_wconf 77' lang='grc' dir='ltr'>τῷδε</span> <span class='ocrx_word' id='word_1_117' title='bbox 842 1608 937 1661; x_wconf 82' lang='grc' dir='ltr'>σὸν</span> <span class='ocrx_word' id='word_1_118' title='bbox 969 1609 1251 1675; x_wconf 78' lang='grc' dir='ltr'>καθαιμάξω</span> <span class='ocrx_word' id='word_1_119' title='bbox 1285 1610 1431 1678; x_wconf 84' lang='grc' dir='ltr'>κάρα;</span> 
     </span>
     <span class='ocr_line' id='line_1_23' title="bbox 335 1691 1641 1765; baseline 0.005 -24"><span class='ocrx_word' id='word_1_120' title='bbox 335 1691 541 1757; x_wconf 82' lang='grc' dir='ltr'>ψαΰσόν</span> <span class='ocrx_word' id='word_1_121' title='bbox 571 1691 635 1758; x_wconf 89' lang='grc' dir='ltr'>γ’,</span> <span class='ocrx_word' id='word_1_122' title='bbox 669 1692 731 1743; x_wconf 85' lang='grc' dir='ltr'>ἵν’</span> <span class='ocrx_word' id='word_1_123' title='bbox 766 1694 913 1765; x_wconf 87' lang='grc' dir='ltr'>εἰδῇς,</span> <span class='ocrx_word' id='word_1_124' title='bbox 948 1694 1026 1745; x_wconf 87' lang='grc' dir='ltr'>καὶ</span> <span class='ocrx_word' id='word_1_125' title='bbox 1058 1694 1217 1748; x_wconf 88' lang='grc' dir='ltr'>πέλας</span> <span class='ocrx_word' id='word_1_126' title='bbox 1247 1695 1502 1762; x_wconf 88' lang='grc' dir='ltr'>πρόσελθέ</span> <span class='ocrx_word' id='word_1_127' title='bbox 1530 1717 1641 1761; x_wconf 88' lang='grc' dir='ltr'>μου.</span> 
     </span>
     <span class='ocr_line' id='line_1_24' title="bbox 339 1774 1550 1843; baseline 0.005 -18"><span class='ocrx_word' id='word_1_128' title='bbox 339 1774 403 1826; x_wconf 85' lang='grc' dir='ltr'>σὺ</span> <span class='ocrx_word' id='word_1_129' title='bbox 432 1776 528 1842; x_wconf 82' lang='grc' dir='ltr'>γὰρ</span> <span class='ocrx_word' id='word_1_130' title='bbox 556 1776 664 1841; x_wconf 85' lang='grc' dir='ltr'>μετ’</span> <span class='ocrx_word' id='word_1_131' title='bbox 697 1778 902 1843; x_wconf 89' lang='grc' dir='ltr'>ἀνδρῶν,</span> <span class='ocrx_word' id='word_1_132' title='bbox 937 1776 974 1829; x_wconf 73' lang='grc' dir='ltr'><em>ὦ</em></span> <span class='ocrx_word' id='word_1_133' title='bbox 1008 1776 1211 1830; x_wconf 88' lang='grc' dir='ltr'>κάκιστε</span> <span class='ocrx_word' id='word_1_134' title='bbox 1243 1780 1333 1830; x_wconf 88' lang='grc' dir='ltr'>κάκ</span> <span class='ocrx_word' id='word_1_135' title='bbox 1366 1786 1550 1840; x_wconf 85' lang='grc' dir='ltr'>κακῶν;</span> 
     </span>
     <span class='ocr_line' id='line_1_25' title="bbox 337 1858 1469 1930; baseline 0.004 -21"><span class='ocrx_word' id='word_1_136' title='bbox 337 1858 421 1910; x_wconf 88' lang='grc' dir='ltr'>σοὶ</span> <span class='ocrx_word' id='word_1_137' title='bbox 451 1864 547 1911; x_wconf 85' lang='grc' dir='ltr'>ποῦ</span> <span class='ocrx_word' id='word_1_138' title='bbox 574 1859 807 1925; x_wconf 86' lang='grc' dir='ltr'>μέτεστιν</span> <span class='ocrx_word' id='word_1_139' title='bbox 839 1861 903 1914; x_wconf 83' lang='grc' dir='ltr'>ὡς</span> <span class='ocrx_word' id='word_1_140' title='bbox 935 1864 988 1913; x_wconf 84' lang='grc' dir='ltr'>ἐν</span> <span class='ocrx_word' id='word_1_141' title='bbox 1019 1861 1263 1928; x_wconf 85' lang='grc' dir='ltr'>ἀνδράσιν</span> <span class='ocrx_word' id='word_1_142' title='bbox 1289 1865 1469 1930; x_wconf 68' lang='grc' dir='ltr'>λόγους</span> 
     </span>
     <span class='ocr_line' id='line_1_26' title="bbox 337 1943 1597 2016; baseline 0.005 -22"><span class='ocrx_word' id='word_1_143' title='bbox 337 1943 479 1997; x_wconf 85' lang='grc' dir='ltr'>ὅστις</span> <span class='ocrx_word' id='word_1_144' title='bbox 509 1943 632 2010; x_wconf 84' lang='grc' dir='ltr'>πρὸς</span> <span class='ocrx_word' id='word_1_145' title='bbox 662 1944 839 2011; x_wconf 85' lang='grc' dir='ltr'>ἀνδρὸς</span> <span class='ocrx_word' id='word_1_146' title='bbox 870 1945 1067 2013; x_wconf 85' lang='grc' dir='ltr'>Φρυγὸς</span> <span class='ocrx_word' id='word_1_147' title='bbox 1098 1946 1397 2013; x_wconf 84' lang='grc' dir='ltr'>ἀπηλλάγης</span> <span class='ocrx_word' id='word_1_148' title='bbox 1427 1946 1597 2016; x_wconf 86' lang='grc' dir='ltr'>λέχος,</span> 
     </span>
     <span class='ocr_line' id='line_1_27' title="bbox 339 2026 1388 2099; baseline 0.004 -21"><span class='ocrx_word' id='word_1_149' title='bbox 339 2026 548 2099; x_wconf 83' lang='grc' dir='ltr'>ἄκλῃστ’</span> <span class='ocrx_word' id='word_1_150' title='bbox 580 2027 767 2079; x_wconf 87' lang='grc' dir='ltr'>ἄδουλα</span> <span class='ocrx_word' id='word_1_151' title='bbox 795 2029 979 2094; x_wconf 84' lang='grc' dir='ltr'>δώμαθ’</span> <span class='ocrx_word' id='word_1_152' title='bbox 1011 2032 1181 2083; x_wconf 83' lang='grc' dir='ltr'>ἑστίας</span> <span class='ocrx_word' id='word_1_153' title='bbox 1210 2031 1388 2089; x_wconf 88' lang='grc' dir='ltr'>λιπών,</span> 
     </span>
    </p>

    <p class='ocr_par' dir='ltr' id='par_1_13' title="bbox 339 2110 1531 2348">
     <span class='ocr_line' id='line_1_28' title="bbox 340 2110 1436 2182; baseline 0.004 -20"><span class='ocrx_word' id='word_1_154' title='bbox 340 2111 405 2163; x_wconf 82' lang='grc' dir='ltr'>ὡς</span> <span class='ocrx_word' id='word_1_155' title='bbox 435 2110 494 2175; x_wconf 79' lang='grc' dir='ltr'>δὴ</span> <span class='ocrx_word' id='word_1_156' title='bbox 525 2117 733 2179; x_wconf 84' lang='grc' dir='ltr'>γυναῖκα</span> <span class='ocrx_word' id='word_1_157' title='bbox 764 2113 988 2180; x_wconf 89' lang='grc' dir='ltr'>σώφρον’</span> <span class='ocrx_word' id='word_1_158' title='bbox 1020 2116 1075 2164; x_wconf 85' lang='grc' dir='ltr'>ἐν</span> <span class='ocrx_word' id='word_1_159' title='bbox 1105 2115 1273 2179; x_wconf 89' lang='grc' dir='ltr'>δόμοις</span> <span class='ocrx_word' id='word_1_160' title='bbox 1304 2114 1436 2182; x_wconf 85' lang='grc' dir='ltr'>ἔχων</span> 
     </span>
     <span class='ocr_line' id='line_1_29' title="bbox 339 2196 1531 2263; baseline 0.003 -16"><span class='ocrx_word' id='word_1_161' title='bbox 339 2200 517 2247; x_wconf 90' lang='grc' dir='ltr'>πασῶν</span> <span class='ocrx_word' id='word_1_162' title='bbox 548 2197 802 2261; x_wconf 89' lang='grc' dir='ltr'>κακίστην.</span> <span class='ocrx_word' id='word_1_163' title='bbox 891 2197 991 2248; x_wconf 84' lang='grc' dir='ltr'>οὐδ’</span> <span class='ocrx_word' id='word_1_164' title='bbox 1023 2196 1084 2248; x_wconf 79' lang='grc' dir='ltr'>ἂν</span> <span class='ocrx_word' id='word_1_165' title='bbox 1116 2199 1158 2249; x_wconf 91' lang='grc' dir='ltr'>εἰ</span> <span class='ocrx_word' id='word_1_166' title='bbox 1187 2199 1429 2263; x_wconf 85' lang='grc' dir='ltr'>βούλοιτό</span> <span class='ocrx_word' id='word_1_167' title='bbox 1458 2220 1531 2252; x_wconf 87' lang='grc' dir='ltr'>τις</span> 
     </span>
     <span class='ocr_line' id='line_1_30' title="bbox 341 2279 1358 2348; baseline 0.004 -19"><span class='ocrx_word' id='word_1_168' title='bbox 341 2279 563 2346; x_wconf 82' lang='grc' dir='ltr'>σώφρων</span> <span class='ocrx_word' id='word_1_169' title='bbox 592 2279 789 2347; x_wconf 88' lang='grc' dir='ltr'>γένοιτο</span> <span class='ocrx_word' id='word_1_170' title='bbox 822 2282 1192 2347; x_wconf 87' lang='grc' dir='ltr'>Σπαρτιατίδων</span> <span class='ocrx_word' id='word_1_171' title='bbox 1225 2283 1358 2348; x_wconf 86' lang='grc' dir='ltr'>κόρη,</span> 
     </span>
    </p>

    <p class='ocr_par' dir='ltr' id='par_1_14' title="bbox 340 2362 1300 2430">
     <span class='ocr_line' id='line_1_31' title="bbox 340 2362 1300 2430; baseline 0.004 -16"><span class='ocrx_word' id='word_1_172' title='bbox 340 2363 391 2414; x_wconf 78' lang='grc' dir='ltr'>αἳ</span> <span class='ocrx_word' id='word_1_173' title='bbox 421 2362 516 2427; x_wconf 83' lang='grc' dir='ltr'>ξὺν</span> <span class='ocrx_word' id='word_1_174' title='bbox 546 2363 734 2416; x_wconf 89' lang='grc' dir='ltr'>νέοισιν</span> <span class='ocrx_word' id='word_1_175' title='bbox 767 2364 1092 2430; x_wconf 81' lang='grc' dir='ltr'>ἐξερημοῦσαι</span> <span class='ocrx_word' id='word_1_176' title='bbox 1121 2367 1300 2430; x_wconf 88' lang='grc' dir='ltr'>δόμους</span> 
     </span>
    </p>

    <p class='ocr_par' dir='ltr' id='par_1_15' title="bbox 339 2448 1563 2686">
     <span class='ocr_line' id='line_1_32' title="bbox 339 2448 1429 2515; baseline 0.003 -16"><span class='ocrx_word' id='word_1_177' title='bbox 339 2452 573 2513; x_wconf 86' lang='grc' dir='ltr'>γυμνοῖσι</span> <span class='ocrx_word' id='word_1_178' title='bbox 600 2454 774 2515; x_wconf 90' lang='grc' dir='ltr'>μηροῖς</span> <span class='ocrx_word' id='word_1_179' title='bbox 806 2451 884 2501; x_wconf 89' lang='grc' dir='ltr'>καὶ</span> <span class='ocrx_word' id='word_1_180' title='bbox 915 2448 1125 2502; x_wconf 87' lang='grc' dir='ltr'>πέπλοις</span> <span class='ocrx_word' id='word_1_181' title='bbox 1155 2449 1429 2515; x_wconf 89' lang='grc' dir='ltr'>ἀνειμένοις</span> 
     </span>
     <span class='ocr_line' id='line_1_33' title="bbox 341 2531 1563 2602; baseline 0.004 -21"><span class='ocrx_word' id='word_1_182' title='bbox 341 2531 549 2597; x_wconf 90' lang='grc' dir='ltr'>δρόμους</span> <span class='ocrx_word' id='word_1_183' title='bbox 579 2534 895 2599; x_wconf 89' lang='grc' dir='ltr'>παλαίστρας</span> <span class='ocrx_word' id='word_1_184' title='bbox 924 2533 967 2583; x_wconf 90' lang='grc' dir='ltr'>τ’</span> <span class='ocrx_word' id='word_1_185' title='bbox 998 2533 1084 2584; x_wconf 84' lang='grc' dir='ltr'>οὐκ</span> <span class='ocrx_word' id='word_1_186' title='bbox 1115 2534 1424 2602; x_wconf 83' lang='grc' dir='ltr'>ἀνασχετοὺς</span> <span class='ocrx_word' id='word_1_187' title='bbox 1456 2533 1563 2599; x_wconf 83' lang='grc' dir='ltr'>ἐμοὶ</span> 
     </span>
     <span class='ocr_line' id='line_1_34' title="bbox 344 2615 1422 2686; baseline 0.002 -20"><span class='ocrx_word' id='word_1_188' title='bbox 344 2617 509 2670; x_wconf 84' lang='grc' dir='ltr'>κοινὰς</span> <span class='ocrx_word' id='word_1_189' title='bbox 538 2616 731 2685; x_wconf 82' lang='grc' dir='ltr'>ἔχουσι.</span> <span class='ocrx_word' id='word_1_190' title='bbox 820 2616 940 2686; x_wconf 78' lang='grc' dir='ltr'>κᾷτα</span> <span class='ocrx_word' id='word_1_191' title='bbox 969 2615 1231 2682; x_wconf 81' lang='grc' dir='ltr'>θαυμάζειν</span> <span class='ocrx_word' id='word_1_192' title='bbox 1260 2618 1422 2686; x_wconf 87' lang='grc' dir='ltr'>χρεὼν</span> 
     </span>
    </p>
   </div>
   <div class='ocr_carea' id='block_1_13' title="bbox 1797 452 1878 496">
    <p class='ocr_par' dir='ltr' id='par_1_16' title="bbox 1797 452 1878 496">
     <span class='ocr_line' id='line_1_35' title="bbox 1797 452 1878 496; baseline 0.012 -1"><span class='ocrx_word' id='word_1_193' title='bbox 1797 452 1878 496; x_wconf 92' lang='grc'>575</span> 
     </span>
    </p>
   </div>
   <div class='ocr_carea' id='block_1_14' title="bbox 1802 863 1879 913">
    <p class='ocr_par' dir='ltr' id='par_1_17' title="bbox 1802 863 1879 913">
     <span class='ocr_line' id='line_1_36' title="bbox 1802 863 1879 913; baseline -0.013 -10"><span class='ocrx_word' id='word_1_194' title='bbox 1802 863 1879 913; x_wconf 84' lang='grc'>580</span> 
     </span>
    </p>
   </div>
   <div class='ocr_carea' id='block_1_15' title="bbox 1799 1283 1878 1333">
    <p class='ocr_par' dir='ltr' id='par_1_18' title="bbox 1799 1283 1878 1333">
     <span class='ocr_line' id='line_1_37' title="bbox 1799 1283 1878 1333; baseline 0.013 -1"><span class='ocrx_word' id='word_1_195' title='bbox 1799 1283 1878 1333; x_wconf 84' lang='grc'>585</span> 
     </span>
    </p>
   </div>
   <div class='ocr_carea' id='block_1_16' title="bbox 1800 1798 1881 1838">
    <p class='ocr_par' dir='ltr' id='par_1_19' title="bbox 1800 1798 1881 1838">
     <span class='ocr_line' id='line_1_38' title="bbox 1800 1798 1881 1838; baseline 0.012 -1"><span class='ocrx_word' id='word_1_196' title='bbox 1800 1798 1881 1838; x_wconf 90' lang='lat'>590</span> 
     </span>
    </p>
   </div>
   <div class='ocr_carea' id='block_1_17' title="bbox 1800 2215 1880 2257">
    <p class='ocr_par' dir='ltr' id='par_1_20' title="bbox 1800 2215 1880 2257">
     <span class='ocr_line' id='line_1_39' title="bbox 1800 2215 1880 2257; baseline 0.025 -2"><span class='ocrx_word' id='word_1_197' title='bbox 1800 2215 1880 2257; x_wconf 90' lang='grc'>595</span> 
     </span>
    </p>
   </div>
   <div class='ocr_carea' id='block_1_18' title="bbox 1800 2618 1922 2663">
    <p class='ocr_par' dir='ltr' id='par_1_21' title="bbox 1800 2618 1922 2663">
     <span class='ocr_line' id='line_1_40' title="bbox 1800 2618 1922 2663; baseline 0.008 -1"><span class='ocrx_word' id='word_1_198' title='bbox 1800 2624 1883 2663; x_wconf 89' lang='lat'>600</span> <span class='ocrx_word' id='word_1_199' title='bbox 1919 2618 1922 2621; x_wconf 71' lang='grc'><strong>’</strong></span> 
     </span>
    </p>
   </div>
   <div class='ocr_carea' id='block_1_19' title="bbox 273 2732 1884 2785">
    <p class='ocr_par' dir='ltr' id='par_1_22' title="bbox 273 2732 1884 2785">
     <span class='ocr_line' id='line_1_41' title="bbox 273 2732 1884 2785; baseline 0 -10"><span class='ocrx_word' id='word_1_200' title='bbox 273 2743 353 2783; x_wconf 89' lang='grc'>577</span> <span class='ocrx_word' id='word_1_201' title='bbox 384 2732 525 2775; x_wconf 79' lang='grc' dir='ltr'>κλάειν</span> <span class='ocrx_word' id='word_1_202' title='bbox 546 2734 580 2772; x_wconf 92' lang='lat' dir='ltr'>L</span> <span class='ocrx_word' id='word_1_203' title='bbox 594 2733 629 2772; x_wconf 95' lang='lat' dir='ltr'>P</span> <span class='ocrx_word' id='word_1_204' title='bbox 752 2746 833 2784; x_wconf 85' lang='lat'>579</span> <span class='ocrx_word' id='word_1_205' title='bbox 862 2733 1003 2782; x_wconf 80' lang='grc' dir='ltr'>ἥσσων</span> <span class='ocrx_word' id='word_1_206' title='bbox 1024 2739 1069 2772; x_wconf 92' lang='lat' dir='ltr'>ut</span> <span class='ocrx_word' id='word_1_207' title='bbox 1084 2733 1169 2772; x_wconf 89' lang='lat' dir='ltr'><strong>vid.</strong></span> <span class='ocrx_word' id='word_1_208' title='bbox 1194 2733 1228 2772; x_wconf 95' lang='lat' dir='ltr'>L</span> <span class='ocrx_word' id='word_1_209' title='bbox 1248 2748 1257 2773; x_wconf 93' lang='lat'><strong>:</strong></span> <span class='ocrx_word' id='word_1_210' title='bbox 1286 2734 1422 2782; x_wconf 74' lang='grc' dir='ltr'>ἥττων</span> <span class='ocrx_word' id='word_1_211' title='bbox 1443 2733 1532 2772; x_wconf 84' lang='lat' dir='ltr'><strong>rell.</strong></span> <span class='ocrx_word' id='word_1_212' title='bbox 1550 2733 1568 2770; x_wconf 92' lang='lat' dir='ltr'><em>l</em></span> <span class='ocrx_word' id='word_1_213' title='bbox 1673 2734 1749 2782; x_wconf 86' lang='lat'>581</span> <span class='ocrx_word' id='word_1_214' title='bbox 1783 2733 1884 2785; x_wconf 77' lang='grc' dir='ltr'>ἁμὸν</span> 
     </span>
    </p>
   </div>
   <div class='ocr_carea' id='block_1_20' title="bbox 220 2786 1180 2840">
    <p class='ocr_par' dir='ltr' id='par_1_23' title="bbox 220 2786 1180 2840">
     <span class='ocr_line' id='line_1_42' title="bbox 220 2786 1180 2840; baseline 0 -14"><span class='ocrx_word' id='word_1_215' title='bbox 220 2786 322 2838; x_wconf 82' lang='lat' dir='ltr'>(sic)</span> <span class='ocrx_word' id='word_1_216' title='bbox 344 2787 403 2827; x_wconf 92' lang='lat' dir='ltr'>L:</span> <span class='ocrx_word' id='word_1_217' title='bbox 437 2789 534 2838; x_wconf 76' lang='grc' dir='ltr'>ἐμὸν</span> <span class='ocrx_word' id='word_1_218' title='bbox 553 2788 645 2828; x_wconf 86' lang='lat' dir='ltr'><strong>rell.</strong></span> <span class='ocrx_word' id='word_1_219' title='bbox 673 2787 745 2840; x_wconf 87' lang='grc' dir='ltr'>(σὺ</span> <span class='ocrx_word' id='word_1_220' title='bbox 763 2790 837 2830; x_wconf 81' lang='grc' dir='ltr'>τὸν</span> <span class='ocrx_word' id='word_1_221' title='bbox 859 2790 953 2839; x_wconf 86' lang='grc' dir='ltr'>ἐμὸν</span> <span class='ocrx_word' id='word_1_222' title='bbox 975 2788 1180 2838; x_wconf 85' lang='lat' dir='ltr'>Lenting)</span> 
     </span>
    </p>
   </div>
   <div class='ocr_carea' id='block_1_21' title="bbox 220 2845 316 2896">
    <p class='ocr_par' dir='ltr' id='par_1_24' title="bbox 220 2845 316 2896">
     <span class='ocr_line' id='line_1_43' title="bbox 220 2845 316 2896; baseline 0.01 -13"><span class='ocrx_word' id='word_1_223' title='bbox 220 2845 316 2896; x_wconf 82' lang='grc' dir='ltr'>δρᾶν</span> 
     </span>
    </p>
   </div>
   <div class='ocr_carea' id='block_1_22' title="bbox 220 2951 898 3005">
    <p class='ocr_par' dir='ltr' id='par_1_25' title="bbox 220 2951 898 3005">
     <span class='ocr_line' id='line_1_44' title="bbox 220 2951 898 3005; baseline -0.001 -15"><span class='ocrx_word' id='word_1_224' title='bbox 220 2951 345 2992; x_wconf 89' lang='lat' dir='ltr'><strong>codd.</strong></span> <span class='ocrx_word' id='word_1_225' title='bbox 367 2955 410 2990; x_wconf 84' lang='lat' dir='ltr'>et</span> <span class='ocrx_word' id='word_1_226' title='bbox 430 2955 483 2994; x_wconf 75' lang='grc' dir='ltr'>ΣΞ</span> <span class='ocrx_word' id='word_1_227' title='bbox 516 2952 693 3005; x_wconf 82' lang='grc' dir='ltr'>ἅφρονρα</span> <span class='ocrx_word' id='word_1_228' title='bbox 715 2951 898 3001; x_wconf 85' lang='lat' dir='ltr'>Lenting</span> 
     </span>
    </p>
   </div>
   <div class='ocr_carea' id='block_1_23' title="bbox 1312 2787 1883 2838">
    <p class='ocr_par' dir='ltr' id='par_1_26' title="bbox 1312 2787 1883 2838">
     <span class='ocr_line' id='line_1_45' title="bbox 1312 2787 1883 2838; baseline 0 -12"><span class='ocrx_word' id='word_1_229' title='bbox 1312 2789 1393 2838; x_wconf 88' lang='lat'>586</span> <span class='ocrx_word' id='word_1_230' title='bbox 1421 2789 1486 2829; x_wconf 87' lang='grc' dir='ltr'>ναί</span> <span class='ocrx_word' id='word_1_231' title='bbox 1505 2787 1665 2827; x_wconf 82' lang='lat' dir='ltr'>delevit</span> <span class='ocrx_word' id='word_1_232' title='bbox 1686 2788 1883 2828; x_wconf 82' lang='lat' dir='ltr'>Lascaris</span> 
     </span>
    </p>
   </div>
   <div class='ocr_carea' id='block_1_24' title="bbox 217 2839 1884 2949">
    <p class='ocr_par' dir='ltr' id='par_1_27' title="bbox 217 2839 1884 2949">
     <span class='ocr_line' id='line_1_46' title="bbox 343 2839 1884 2896; baseline -0.001 -14"><span class='ocrx_word' id='word_1_233' title='bbox 343 2839 441 2896; x_wconf 82' lang='grc' dir='ltr'>(γ’)</span> <span class='ocrx_word' id='word_1_234' title='bbox 471 2841 515 2883; x_wconf 73' lang='grc' dir='ltr'>εὖ</span> <span class='ocrx_word' id='word_1_235' title='bbox 544 2842 731 2894; x_wconf 89' lang='lat' dir='ltr'>Lenting</span> <span class='ocrx_word' id='word_1_236' title='bbox 895 2843 976 2892; x_wconf 88' lang='lat'>589</span> <span class='ocrx_word' id='word_1_237' title='bbox 1013 2843 1055 2895; x_wconf 75' lang='grc' dir='ltr'>γ’</span> <span class='ocrx_word' id='word_1_238' title='bbox 1085 2843 1149 2883; x_wconf 88' lang='lat' dir='ltr'>A:</span> <span class='ocrx_word' id='word_1_239' title='bbox 1190 2843 1224 2884; x_wconf 86' lang='grc' dir='ltr'>δ’</span> <span class='ocrx_word' id='word_1_240' title='bbox 1256 2843 1319 2882; x_wconf 83' lang='lat' dir='ltr'>L:</span> <span class='ocrx_word' id='word_1_241' title='bbox 1359 2856 1440 2882; x_wconf 91' lang='lat' dir='ltr'><strong>orn.</strong></span> <span class='ocrx_word' id='word_1_242' title='bbox 1475 2843 1540 2882; x_wconf 84' lang='lat' dir='ltr'>V:</span> <span class='ocrx_word' id='word_1_243' title='bbox 1580 2842 1613 2882; x_wconf 88' lang='grc' dir='ltr'>θ’</span> <span class='ocrx_word' id='word_1_244' title='bbox 1643 2842 1734 2882; x_wconf 85' lang='lat' dir='ltr'><strong>rell.</strong></span> <span class='ocrx_word' id='word_1_245' title='bbox 1765 2842 1884 2881; x_wconf 85' lang='lat' dir='ltr'><strong>V²A²</strong></span> 
     </span>
     <span class='ocr_line' id='line_1_47' title="bbox 217 2896 1883 2949; baseline 0.001 -12"><span class='ocrx_word' id='word_1_246' title='bbox 217 2896 314 2947; x_wconf 81' lang='grc' dir='ltr'>μου]</span> <span class='ocrx_word' id='word_1_247' title='bbox 336 2913 403 2947; x_wconf 87' lang='grc' dir='ltr'>μοι</span> <span class='ocrx_word' id='word_1_248' title='bbox 424 2896 458 2935; x_wconf 91' lang='lat' dir='ltr'>L</span> <span class='ocrx_word' id='word_1_249' title='bbox 609 2910 691 2947; x_wconf 89' lang='lat'>590</span> <span class='ocrx_word' id='word_1_250' title='bbox 720 2899 795 2938; x_wconf 84' lang='grc' dir='ltr'>κάκ</span> <span class='ocrx_word' id='word_1_251' title='bbox 816 2910 897 2936; x_wconf 90' lang='lat' dir='ltr'>om.</span> <span class='ocrx_word' id='word_1_252' title='bbox 922 2897 961 2935; x_wconf 95' lang='lat' dir='ltr'>V</span> <span class='ocrx_word' id='word_1_253' title='bbox 1113 2909 1192 2947; x_wconf 88' lang='lat'>592</span> <span class='ocrx_word' id='word_1_254' title='bbox 1222 2897 1373 2949; x_wconf 84' lang='grc' dir='ltr'>λέχους</span> <span class='ocrx_word' id='word_1_255' title='bbox 1396 2897 1429 2935; x_wconf 90' lang='lat' dir='ltr'>L</span> <span class='ocrx_word' id='word_1_256' title='bbox 1444 2897 1478 2935; x_wconf 93' lang='lat' dir='ltr'>P</span> <span class='ocrx_word' id='word_1_257' title='bbox 1623 2908 1704 2946; x_wconf 89' lang='lat'>593</span> <span class='ocrx_word' id='word_1_258' title='bbox 1734 2898 1883 2939; x_wconf 77' lang='grc' dir='ltr'>ἄδουλα</span> 
     </span>
    </p>
   </div>
   <div class='ocr_carea' id='block_1_25' title="bbox 1062 2951 1785 3004">
    <p class='ocr_par' dir='ltr' id='par_1_28' title="bbox 1062 2951 1785 3004">
     <span class='ocr_line' id='line_1_48' title="bbox 1062 2951 1785 3004; baseline -0.006 -10"><span class='ocrx_word' id='word_1_259' title='bbox 1062 2963 1144 3001; x_wconf 89' lang='grc'>599</span> <span class='ocrx_word' id='word_1_260' title='bbox 1174 2952 1406 3004; x_wconf 84' lang='grc' dir='ltr'>ἆνασχετὰς</span> <span class='ocrx_word' id='word_1_261' title='bbox 1425 2951 1491 2990; x_wconf 88' lang='lat' dir='ltr'>V:</span> <span class='ocrx_word' id='word_1_262' title='bbox 1522 2955 1617 2992; x_wconf 67' lang='grc' dir='ltr'>οτῶς</span> <span class='ocrx_word' id='word_1_263' title='bbox 1640 2951 1785 2991; x_wconf 84' lang='lat' dir='ltr'>Naber</span> 
     </span>
    </p>
   </div>
  </div>
 </body>
</html>
