2118 3366
15 2730 29 2749 ς,

3 2756 17 2783 u'
24 2758 26 2763 ,

0 2793 31 2842 ,ν’ὶῑ

8 2895 21 2922 ἱι

6 2932 13 2940 b
24 2939 25 2942 1

0 2943 29 2977 ἷκε,

0 2979 29 3003 '.·-.'·.

0 3140 33 3219 &a

0 3207 41 3366 ἓ

770 134 1267 183 ΑΝΔΡΟΜΑΧΗ

313 265 544 331 φυλακὰς
573 262 705 332 ἔχων
736 263 960 329 ἔμιμνον,
995 264 1083 316 εἴτ’
1115 264 1263 316 αὐτοῦ
1290 271 1457 330 μενεῖς

259 392 263 395 .
314 347 400 400 εἴτ’
431 346 763 415 ἐκφοβηθεῖσ’
793 348 1164 415 αἷχμαλωτίδος
1194 349 1333 418 φόνῳ

311 431 543 498 γυναικὸς
574 432 721 483 οἴκων
750 430 895 482 τῶνδ’
929 429 1256 499 ἀπηλλάχθαι
1286 431 1466 486 θέλεις.

312 514 470 580 ἦλθον
502 516 555 566 δὲ
587 516 682 568 σᾶς
710 517 802 580 μὲν
833 514 890 565 οὗ
923 514 1097 580 σέβων
1128 513 1415 575 ἐπιστολάς,

313 600 357 650 εἰ
387 598 429 650 δ’
460 599 714 663 ἐνδιδοίης,
749 598 922 665 ὥσπερ
953 601 1169 658 ἐνδίδως,
1200 600 1374 667 λόγον,
1774 606 1852 659 965

309 681 528 748 πέμψων
557 681 606 732 σ’
638 681 722 734 ἀπ’
753 684 902 734 οἴκων
933 682 1092 735 τῶνδ’.
1181 683 1271 748 ἐμὴ
1302 685 1397 750 γὰρ
1428 684 1557 735 οὖσα
1586 685 1700 751 πρὶν

312 765 407 817 σὺν
436 768 560 835 τῷδε
594 766 748 819 ναίεις
778 767 919 832 ἀνδρὶ
953 771 1046 818 σοῦ
1074 766 1260 834 πατρὸς
1291 764 1429 839 κάκῃ,

310 846 364 901 ὃς
393 849 509 915 πρὶν
538 850 600 900 τὰ
628 850 811 916 Τροίας
845 852 1112 915 εἰσβαλεῖν
1143 851 1388 916 ὁρίσματα

308 932 500 999 γυναῖκ’
531 934 644 997 ἐμοί
671 955 733 985 σε
763 933 881 987 δοὺς
909 933 1148 1001 ὑπέσχεθ’
1178 935 1389 1000 ὕστερον

308 1020 376 1085 τῷ
406 1020 494 1068 νῦν
525 1016 575 1066 σ’
606 1016 790 1084 ἔχοντι,
827 1014 1019 1086 Τρῳάδ’
1051 1019 1094 1069 εἷ
1123 1015 1304 1085 πέρσοι
1334 1018 1500 1070 πόλιν.
1774 1032 1854 1076 970

311 1099 420 1155 ἐπεὶ
451 1099 493 1150 δ’
525 1099 808 1168 Ἀχιλλέως
843 1099 969 1167 δεῦρ’
1001 1101 1277 1166 ἐνόστησεν
1307 1102 1472 1168 γόνος,

310 1187 385 1253 σῷ
415 1186 506 1249 μὲν
538 1183 793 1252 συνέγνων
828 1185 993 1251 πατρί,
1026 1185 1113 1237 τὸν
1143 1184 1184 1236 δ’
1212 1186 1496 1250 ἐλισσόμην

309 1265 498 1335 γάμους
529 1269 733 1336 ἀφεῖναι
767 1270 902 1328 σούς,
937 1271 1057 1335 ἐμᾶς
1085 1268 1251 1336 λέγων
1280 1270 1435 1336 τύχας

312 1351 391 1403 καὶ
421 1351 509 1404 τὸν
538 1353 760 1419 παρόντα
793 1353 1001 1419 δαίμον’,
1037 1354 1102 1406 ὡς
1133 1354 1297 1420 φίλων
1326 1356 1419 1418 μὲν
1450 1352 1511 1404 ἂν

309 1434 517 1503 γήμαιμ’
549 1436 633 1489 ἀπ’
666 1438 874 1504 ἀνδρῶν,
908 1437 1108 1490 ἔκτοθεν
1139 1437 1180 1488 δ’
1212 1438 1269 1489 οὗ
1297 1437 1492 1505 ῥᾳδίως,
1771 1451 1853 1495 975

311 1520 513 1587 φεύγων
545 1520 627 1573 ἀπ’
660 1523 808 1572 οἴκων
841 1522 899 1574 ἃς
923 1522 1022 1588 ἐγὼ
1054 1521 1225 1589 φεύγω
1252 1518 1431 1588 φυγάς.

310 1602 338 1655 ὃ
368 1602 409 1654 δ’
439 1603 500 1669 ἥν
529 1605 775 1672 ὑβριστὴς
807 1606 875 1659 εἵς
907 1605 951 1656 τ’
984 1607 1103 1669 ἐμῆς
1132 1605 1314 1672 μητρὸς
1346 1606 1506 1672 φόνον

309 1686 398 1742 τάς
430 1686 472 1740 θ’
503 1689 818 1755 αἱματωποὺς
852 1692 967 1742 θεᾶς
997 1690 1247 1753 ὀνειδίζων
1280 1690 1404 1754 ἐμοί.

312 1773 446 1840 κάγὼ
475 1773 706 1826 ταπεινὸς
738 1772 805 1826 ὢν
837 1774 1012 1842 τύχαις
1042 1779 1148 1827 ταῖς
1179 1775 1373 1825 οἴκοθεν

310 1856 499 1923 ἤλγουν
527 1860 620 1923 μὲν
650 1857 856 1925 ἤλγουν,
893 1862 1174 1925 συμφοραῖς
1206 1857 1246 1907 δ’
1277 1857 1566 1925 ἠνειχόμην,
1777 1861 1855 1914 980

311 1945 416 1992 σῶν
447 1943 501 1993 δὲ
532 1942 789 2008 στερηθεὶς
821 1941 1021 2011 ᾠχόμην
1050 1940 1181 1992 ἄκων
1210 1940 1400 2008 γάμων.

309 2029 399 2077 νῦν
428 2025 530 2084 οὖν,
565 2025 731 2090 ἐπειδὴ
763 2030 1044 2092 περιπετεῖς
1075 2025 1208 2093 ἔχεις
1238 2025 1393 2093 τύχας

312 2109 393 2160 καὶ
426 2106 684 2177 ξυμφορὰν
714 2108 849 2174 τήνδ’
884 2109 1176 2162 εἷσπεσοῦσ’
1208 2110 1495 2177 ἀμηχανεῖς,

310 2192 412 2258 ἄξω
444 2193 493 2244 σ’
523 2193 607 2246 ἀπ’
638 2196 785 2246 οἴκων
818 2195 897 2246 καὶ
929 2193 1112 2260 πατρὸς
1143 2194 1288 2244 δώσω
1319 2194 1448 2260 χερί.

309 2276 367 2328 τὸ
397 2280 638 2345 συγγενὲς
668 2281 763 2345 γὰρ
793 2279 971 2337 δεινόν,
1005 2278 1059 2329 ἔν
1088 2299 1142 2329 τε
1171 2282 1276 2331 τοῖς
1307 2281 1473 2329 κακοῖς
1777 2282 1854 2334 985

311 2360 398 2413 οὐκ
429 2361 572 2413 ἔστιν
601 2362 744 2414 οὐδὲν
776 2368 1014 2425 κρεῖσσον
1045 2363 1226 2413 οἰκείου
1257 2361 1427 2428 φίλου.

186 2448 276 2513 Ερ.
299 2446 663 2513 νυμφευμάτων
693 2450 783 2512 μὲν
813 2452 912 2498 τῶν
942 2449 1074 2511 ἐμῶν
1102 2445 1260 2513 πατὴρ
1293 2444 1409 2509 ἐμὸς

309 2528 551 2596 μέριμναν
581 2530 697 2596 ἕξει,
733 2531 849 2582 κούκ
881 2530 999 2596 ἐμὸν
1032 2532 1215 2596 κρίνειν
1244 2529 1374 2580 τόδε.

210 2683 213 2686 «
239 2650 317 2698 961
350 2648 533 2703 φύλακας
552 2649 592 2688 V
614 2649 772 2701 (φιλίας
794 2648 873 2702 Η)·
969 2647 1102 2699 μένεις
1124 2647 1244 2685 MV:
1276 2658 1385 2685 corr.
1411 2643 1463 2684 V²
1632 2645 1713 2695 962
1745 2644 1854 2697 φόνῳ

187 2701 401 2754 Lenting:
431 2704 549 2757 φόβῳ
569 2705 690 2743 codd.
717 2709 760 2742 et
780 2709 810 2747 Σ
945 2704 1026 2752 964
1057 2703 1131 2743 σὰς
1152 2704 1197 2742 οὐ
1216 2700 1347 2753 μένων
1368 2700 1401 2738 Ρ
1536 2699 1620 2749 965
1649 2698 1799 2751 λόγους
1820 2698 1855 2737 Ρ

185 2759 269 2808 966
296 2758 439 2811 πέμψω
461 2760 582 2799 codd.
603 2774 614 2799 x
648 2772 755 2798 corr.
780 2758 926 2797 Heath
1055 2758 1137 2807 969
1168 2771 1216 2797 σε
1237 2757 1326 2797 δοὺς
1348 2753 1417 2795 εἶθ’
1442 2754 1475 2792 Ρ
1603 2765 1686 2804 970
1713 2752 1854 2806 πέρσαι

187 2812 222 2851 L
241 2827 251 2852 τ
278 2812 419 2867 πέρσει
440 2813 533 2853 rell.
728 2824 808 2864 975
837 2816 964 2865 γῆμαι
984 2811 1026 2862 μ’
1049 2811 1090 2849 Μ
1106 2810 1211 2849 AV²
1347 2808 1484 2863 ῥᾴδιον
1505 2806 1604 2846 LV²
1626 2808 1782 2861 (ῥᾳδίως
1802 2807 1851 2858 Σ)

185 2867 268 2916 980
297 2868 503 2922 συμφορὰς
526 2868 719 2918 Scaliger
857 2865 1074 2918 ἐνειχόμην
1096 2864 1284 2903 Dindorf
1453 2863 1529 2912 981
1565 2865 1638 2903 σοῦ
1659 2868 1701 2900 et
1722 2861 1855 2920 ὄγκων

188 2919 249 2962 V:
282 2925 365 2964 σῶν
391 2928 435 2962 et
459 2938 524 2977 γρ.
558 2924 665 2965 ἄκων
691 2922 744 2962 V2
909 2922 990 2972 985
1030 2927 1126 2974 Xop.
1158 2919 1290 2970 praef.
1324 2918 1549 2956 Hermann
1658 2916 1757 2969 γὰρ]
1787 2931 1852 2956 τοι

188 2974 409 3016 Hermann
576 2978 658 3028 988
689 2978 775 3029 ἐμοὶ
799 3009 807 3018 .
831 3006 841 3016 .
870 3006 877 3015 .
900 2975 999 3017 τάδε
1018 2975 1084 3014 V:
1115 2987 1220 3014 corr.
1242 2972 1296 3012 V2
1319 2974 1434 3025 (τάδε
1453 2971 1512 3025 Α)
