2118 3366
942 126 1381 178 ΕΥΡΙΠΙΔΟΥ

452 258 616 324 γῆρυς,
651 254 751 308 οὐδ’
785 255 884 308 ὅσα
915 259 1110 322 Φοῖβος
1135 255 1727 323 Ἀσκληπιάδαιςέδωκε·
1799 269 1802 272 ’
1911 274 1994 319 97ο

453 339 691 407 φάρμακα
719 340 1024 394 πολυπόνοις
1054 340 1326 407 ἀντιτεμὼν
1356 345 1636 409 βροτοῖσιν.

533 465 687 529 μόνας
718 463 759 516 δ’
790 463 889 516 οὔτ’
921 455 1002 518 ἐπὶ
1031 465 1234 531 βωμοὺς
1795 478 1798 481 ’
1866 464 1993 536 [ἀντ.

449 547 590 599 ἔστιν
620 548 733 600 οὔτε
762 547 950 614 βρέτας
980 552 1095 603 θεᾶς
1822 617 1826 621 ⁴

450 632 630 690 ἐλθεῖν,
665 631 721 682 οὗ
750 632 991 700 ,σφαγίων
1022 632 1176 685 κλύει.
1843 683 1845 685 ,
1908 650 1993 697 975

530 713 597 780 μή
627 735 727 780 μοι,
761 715 954 774 πότνια,
987 716 1168 781 μείζων

449 797 614 851 ἔλθοις
644 793 674 861 ἢ
705 797 763 849 τὸ
794 798 910 865 πρὶν
942 801 995 850 ἐν
1025 801 1155 870 βίῳ.

534 882 612 933 καὶ
642 883 738 948 γὰρ
770 881 894 936 Ζεὺς
924 883 952 933 ὅ
982 904 1030 934 τι
1060 883 1230 960 νεύσῃ,

532 965 626 1017 σὺν
657 965 739 1016 σοὶ
768 970 912 1017 τοῦτο
945 969 1170 1037 τελευτᾷ.

450 1049 530 1101 καὶ
559 1048 646 1101 τὸν
679 1050 730 1101 ἐν
752 1049 1027 1115 ’Χαλύβοις
1058 1051 1288 1117 δαμάζεις
1319 1050 1383 1103 σὺ
1411 1053 1506 1122 βίᾳ
1537 1053 1759 1121 σίδαρον,
1912 1062 1993 1113 980

449 1132 563 1185 οὐδέ
591 1154 665 1187 τις
696 1125 948 1200 ἀποτόμου
978 1133 1198 1200 λήματός
1230 1138 1371 1188 ἐστιν
1402 1137 1565 1190 αἰδώς.

453 1261 530 1312 καὶ
563 1260 609 1311 σ’
643 1262 695 1313 ἐν
726 1261 998 1328 ἀφύκτοισι
1027 1268 1191 1330 χερῶν
1222 1265 1326 1316 εῖλε
1356 1266 1445 1316 θεὰ
1476 1268 1692 1330 δεσμοῖς.
1862 1261 1994 1334 [στρ.-

452 1346 615 1411 τόλμα
646 1345 704 1397 δ’·
751 1346 807 1397 οὐ
837 1348 932 1414 γὰρ
963 1345 1160 1410 ἀνάξεις
1191 1346 1300 1400 ποτ’
1332 1348 1531 1416 ἔνερθεν
1913 1357 1992 1409 985

398 1462 400 1465 -
452 1430 639 1481 κλαίων
668 1429 782 1483 τοὺς
813 1430 1082 1497 φθιμένους
1112 1431 1229 1483 ἄνω.

453 1514 531 1565 καὶ
563 1517 688 1566 θεῶν
720 1514 912 1566 σκότιοι
943 1516 1178 1582 φθίνουσι

535 1602 708 1651 παῖδες
738 1599 790 1650 ἐν
823 1597 1032 1669 θανάτῳ.
1915 1620 1995 1662 990

452 1683 580 1749 φίλα
608 1685 699 1747 μὲν
728 1682 800 1733 ὅτ’
835 1681 893 1746 ἧν
922 1682 1031 1748 μεθ’
1061 1683 1216 1748 ἡμῶν,

453 1767 583 1833 φίλα
612 1769 665 1817 δὲ
695 1760 815 1818 Τκαὶ
849 1766 1051 1818 θανοῦσ’
1083 1761 1277 1840 ἔσται,Ί”

451 1848 805 1917 γενναιοτάταν
835 1854 888 1903 δὲ
919 1855 1087 1903 πασᾶν
1121 1850 1297 1915 ἐζεύξω
1331 1853 1547 1906 κλισίαις
1577 1851 1781 1906 ἄκοιτιν.
1854 1861 1858 1882 ³
1914 1873 1994 1913 994

451 1979 575 2041 μηδὲ
605 1982 788 2042 νεκρῶν
822 1977 886 2032 ὡς
916 1976 1172 2044 φθιμένων
1202 1982 1349 2047 χῶμα
1378 1965 1666 2043 νομιζέσθω
1864 1975 1992 2048 [ἀντ.

451 2061 641 2126 τύμβος
673 2065 768 2114 σᾶς
799 2062 1004 2129 ἀλόχου,
1040 2065 1200 2113 θεοῖσι
1229 2061 1272 2112 δ’
1304 2062 1486 2127 ὁμοίως

451 2144 691 2209 τιμάσθω,
729 2145 891 2210 σέβας
923 2146 1165 2212 ἐμπόρων.
1855 2208 1859 2212 5

455 2229 540 2281 καί
563 2250 635 2282 τις
667 2229 879 2296 δοχμίαν
912 2228 1144 2281 κέλευθον
1860 2293 1862 2295 ¹
1886 2249 1996 2278 1000

537 2314 786 2378 ἐκβαίνων
815 2313 917 2365 τόδ’
949 2315 1062 2380 ἐρεῖ·

454 2398 590 2448 Αὔτα
619 2399 740 2450 ποτὲ
771 2397 1004 2465 προύθαν’
1036 2398 1227 2464 ἀνδρός,

381 2527 463 2563 970
493 2514 615 2555 ἔδωκε
640 2513 864 2563 Musgrave
884 2528 893 2553 z
923 2514 1125 2568 παρέδωκε
1154 2515 1276 2554 codd.
1431 2526 1631 2565 974-975
1662 2514 1778 2557 ἔστιν
1797 2518 1891 2557 οὔτε
1912 2546 1921 2556 .
1945 2545 1957 2557 .
1980 2547 1991 2557 .

328 2572 461 2610 ἐλθεῖν
483 2569 535 2609 G.
558 2569 611 2608 A.
629 2569 826 2619 Wagner
845 2583 853 2607 :
886 2572 1019 2610 ἐλθεῖν
1039 2571 1131 2610 οὔτε
1150 2597 1160 2608 .
1188 2601 1198 2611 .
1221 2600 1231 2610 .
1259 2569 1374 2610 ἔστιν
1394 2570 1518 2610 codd.
1684 2571 1764 2620 981
1796 2573 1842 2611 οὔ
1868 2571 1940 2625 βίᾳ
1961 2570 1996 2610 Ρ

327 2630 370 2663 et
401 2623 501 2676 γρ.ἰ
621 2624 786 2675 σίδηρον
818 2623 906 2662 VP
968 2660 975 2668 .
1081 2625 1162 2673 984
1207 2623 1247 2665 0³⁹
1282 2626 1325 2664 ἐν
1356 2624 1477 2664 codd.
1510 2630 1553 2663 et
1581 2629 1638 2667 Σε
1684 2623 1737 2665 σε’
1765 2624 1808 2677 γ’
1846 2624 1996 2664 Nauck

326 2679 408 2728 985
437 2677 575 2728 τόλμα
594 2678 626 2719 δ’
651 2679 684 2716 L
700 2678 758 2718 P:
790 2678 926 2729 τόλμα
944 2678 1032 2719 τάδ’
1048 2679 1114 2717 V:
1143 2678 1280 2733 τόλμα
1299 2678 1443 2732 τόδ’,Β
1573 2680 1655 2728 986
1683 2678 1942 2731 φθινομένους
1957 2678 1998 2719 V

326 2733 409 2782 989
447 2733 630 2783 φθίνουσι
654 2733 686 2771 L
702 2733 759 2773 P:
800 2732 1030 2786 φθινύθουσι
1049 2732 1166 2771 VBl
1353 2745 1434 2782 992
1467 2738 1722 2782 corruptus:
1752 2734 1802 2774 cf.
1825 2747 1864 2773 v.
1891 2739 1994 2785 ‘1003

329 2788 392 2839 καὶ
413 2800 496 2826 om.
520 2787 554 2825 B
572 2788 609 2826 O
627 2787 665 2825 D
686 2794 728 2827 et
750 2787 893 2827 Haun.
1047 2792 1220 2829 θανοῦσα
1239 2788 1334 2835 sine
1355 2787 1536 2827 elisione
1557 2788 1676 2828 solus
1699 2789 1733 2827 P
1878 2790 1996 2831 ἔσται

327 2841 415 2891 VB
437 2856 446 2881 z
477 2842 593 2891 ἐστίν
614 2842 647 2880 L
664 2842 697 2881 P
836 2843 871 2883 δ’
894 2841 954 2882 ἔτι
976 2844 1039 2883 καὶ
1062 2847 1237 2884 θανοῦσα
1256 2843 1424 2882 Barnes
1444 2856 1500 2894 ex
1520 2841 1683 2882 Aldina
1707 2842 1773 2895 (δέ
1788 2861 1829 2886 τι
1850 2859 1887 2885 κ.
1912 2845 1994 2892 θ.);

328 2894 372 2936 δὲ
393 2893 556 2936 θανοῦσ”
571 2899 611 2937 ἐς
631 2896 694 2937 ἀεί
714 2890 865 2935 Nauck
1048 2899 1129 2947 998
1159 2898 1291 2948 ὅμοιος
1311 2897 1351 2936 V
1530 2910 1632 2948 1001
1668 2898 1867 2947 ἐκβαίνων
1888 2897 1973 2937 Ι.Ρ
1985 2911 1996 2938 :

331 2950 533 3000 ἐμβαίνων
550 2950 590 2989 V
604 2950 647 2991 Β,
809 2963 914 2990 1002
942 2953 1161 3005 προῦθανεν
1180 2953 1301 2991 codd.
