2118 3366
896 138 1335 189 ΕΥΡΙΠΙΔΟΥ

404 265 636 331 τιμωρόν,
671 267 716 317 εἶ
748 267 827 318 καὶ
856 266 1012 332 μηδέν
1043 269 1199 328 ἐστιν,
1232 269 1349 321 ἀλλ’
1378 271 1550 335 ὅμως.’

405 349 592 399 ἐσθλοῦ
622 351 717 416 γὰρ
747 349 923 417 ἀνδρὸς
952 352 1011 422 τῇ
1044 353 1153 423 δίκῃ
1184 352 1228 404 θ’
1258 354 1522 420 ὑπηρετεῖν

404 432 484 483 καὶ
513 431 627 486 τοὺς
658 433 834 487 κακοὺς
865 438 985 501 δρᾶν
1015 441 1272 504 πανταχοῦ
1302 442 1461 491 κακῶς
1491 439 1583 490 ἀεί.
1866 446 1945 499 845

276 517 368 565 Χο.
401 516 562 567 δεινόν
591 537 666 583 γε,
699 520 896 582 θνητοῖς
926 518 991 572 ὦς
1021 517 1215 571 ἅπαντα
1245 522 1523 586 συμπίτνει,

404 599 483 650 καὶ
513 601 602 652 τὰς
632 598 850 667 ἀνάγκας
879 604 926 653 οἱ
957 603 1100 667 νόμοι
1130 604 1384 666 διώρισαν,

404 683 584 749 φίλους
613 683 832 738 τιθέντες
860 686 975 738 τούς
1004 707 1063 753 γε
1095 685 1497 752 πολεμιωτάτους

403 767 610 834 ἐχθρούς
640 789 695 819 τε
723 768 836 822 τοὺς
866 769 982 836 πρὶν
1013 770 1232 835 εὐμενεῖς
1262 772 1561 836 ποιούμενοι.

274 851 368 916 Αγ.
402 852 499 917 ἐγὼ
532 854 593 903 σὲ
623 853 704 903 καὶ
734 852 827 904 σὸν
859 857 1012 905 παῖδα
1041 855 1121 906 καὶ
1151 854 1307 923 τύχας
1338 854 1501 914 σέθεν,
1863 864 1945 915 850

399 932 612 999 Ἑκάβη,
646 935 709 987 δι’
742 937 907 988 οἴκτου
943 935 1088 1005 χεῖρά
1119 938 1162 989 θ’
1194 940 1387 990 ἱκεσίαν
1418 939 1535 1006 ἔχω,

401 1018 481 1069 καὶ
511 1019 762 1084 βούλομαι
794 1023 920 1072 θεῶν
950 1021 994 1072 θ’
1025 1022 1182 1073 οὕνεκ’
1214 1023 1419 1074 ἀνόσιον
1448 1022 1593 1087 ξένον

371 1149 373 1153 Α
401 1103 479 1154 καὶ
510 1107 596 1153 τοῦ
626 1105 818 1156 δικαίου
847 1103 995 1168 τήνδε
1028 1126 1110 1157 σοι
1141 1110 1309 1158 δοῦναι
1343 1108 1498 1171 δίκην,

399 1187 446 1237 εἴ
471 1208 574 1240 πως
607 1188 785 1253 φανείη
817 1187 865 1255 γ’
897 1189 1030 1241 ὥστε
1061 1191 1147 1241 σοί
1172 1190 1215 1240 τ’
1247 1190 1382 1259 ἔχειν
1415 1195 1595 1251 καλῶς,
1688 1246 1690 1248 ,

399 1276 593 1340 στρατῷ
625 1292 679 1322 τε
707 1271 773 1336 μὴ
806 1270 1002 1338 δόξαιμι
1033 1271 1333 1341 Κασάνδρας
1364 1272 1511 1342 χάριν
1861 1280 1940 1331 855

399 1356 603 1426 Θρῄκης
633 1354 807 1407 ἄνακτι
836 1356 980 1408 τόνδε
1009 1362 1290 1422 βουλεῦσαι
1321 1359 1498 1426 φόνον.

397 1437 537 1489 ἔστιν
567 1440 662 1505 γὰρ
689 1437 719 1511 ᾗ
746 1440 997 1507 ταραγμὸς
1029 1441 1322 1507 ἐμπέπτωκέ
1349 1464 1448 1508 μοι·

393 1522 569 1574 -Τὸν
599 1522 753 1590 ἄνδρα
781 1528 957 1576 τοῦτον
989 1527 1162 1592 φίλιον
1191 1526 1386 1593 ἡγεῖται
1417 1547 1644 1593 στρατος,

396 1605 481 1657 τὸν
518 1608 823 1659 κατθανόντα
854 1608 896 1659 δ’
930 1610 1127 1677 ἐχθρόν·
1175 1612 1218 1661 εἷ
1248 1613 1302 1662 δὲ
1333 1612 1414 1662 σοὶ
1446 1612 1596 1678 φίλος

394 1689 464 1740 ὅδ’
496 1692 620 1749 ἐστί,
653 1693 805 1758 χωρὶς
835 1697 980 1744 τοῦτο
1012 1695 1097 1745 κού
1130 1694 1294 1746 κοινὸν
1326 1700 1614 1764 στρατῷ-
1857 1697 1937 1739 860

391 1773 514 1840 πρὸς
541 1780 695 1826 ταῦτα
725 1777 971 1843 φρόντιζ’·
1019 1778 1083 1831 ὣς
1114 1777 1327 1830 θέλοντα
1355 1778 1447 1843 μέν
1475 1779 1525 1843 μ’
1558 1779 1690 1847 ἔχεις

393 1859 474 1909 σοὶ
505 1857 820 1924 ξυμπονῆσαι
850 1862 929 1912 καὶ
959 1862 1117 1929 ταχὺν
1147 1862 1506 1929 προσαρκέσαι,

391 1942 582 2008 βραδὺν
614 1943 672 2002 δ’,
707 1943 933 2011 Ἀχαιοῖς
966 1947 1008 1996 εἷ
1038 1945 1463 2012 διαβληθήσομαι.

268 2027 356 2076 Εκ.
389 2031 500 2092 φεῦ.

391 2109 477 2160 οὐκ
507 2110 618 2161 ἔστι
649 2114 840 2176 θνητῶν
871 2114 1010 2165 ὅστις
1041 2112 1146 2164 ἔστ’
1177 2115 1453 2181 ἐλεύθερος”

387 2189 417 2257 ἢ
448 2193 715 2261 χρημάτων
747 2198 841 2262 γὰρ
873 2197 1048 2251 δοῦλός
1080 2199 1221 2249 ε’στιν
1250 2194 1280 2262 ἢ
1311 2198 1479 2266 τύχης,
1854 2201 1932 2254 865

389 2273 419 2341 ἢ
450 2281 642 2342 πλῆθος
673 2279 821 2331 αὐτὸν
853 2281 1036 2333 πόλεος
1065 2277 1095 2345 ἢ
1127 2282 1292 2347 νόμων
1322 2284 1514 2350 γραφαὶ

388 2363 609 2428 εἴργουσι
637 2366 859 2430 χρῆσθαι
886 2364 953 2429 μὴ
985 2367 1108 2416 κατὰ
1137 2367 1340 2433 γνώμην
1369 2368 1585 2433 τρόποις.

387 2445 493 2497 ἐπεὶ
522 2449 577 2497 δὲ
605 2452 812 2513 ταρβεῖς
840 2453 907 2517 τῷ
939 2449 981 2499 τ’
1013 2452 1151 2519 ὄχλῳ
1182 2450 1339 2502 πλέον
1370 2450 1549 2516 νέμεις,

390 2531 487 2596 ἐγώ
522 2552 583 2581 σε
615 2529 754 2595 θήσω
784 2533 914 2583 τοῦδ’
947 2535 1210 2601 ἐλεύθερον
1242 2535 1425 2601 φόβου.

312 2644 394 2694 849
422 2645 486 2698 τε]
511 2644 556 2686 δὲ
578 2646 762 2696 Blaydes
872 2649 954 2697 850
984 2649 1115 2701 ἐγῶγε
1136 2650 1201 2691 καὶ
1224 2649 1256 2688 L
1273 2649 1306 2688 P
1329 2649 1397 2702 (σὲ
1416 2650 1470 2702 Σ)
1582 2651 1663 2699 853
1691 2647 1809 2691 τόνδε
1831 2649 1865 2687 Ρ
1885 2654 1928 2688 et

258 2711 467 2748 suprascr.
505 2700 539 2738 L
570 2700 752 2740 fortasse
774 2708 889 2742 recte
918 2702 1064 2754 (τήνδε
1093 2707 1142 2753 Σ)
1329 2705 1444 2753 δίκην
1466 2705 1499 2743 L
1516 2704 1592 2747 ΡΣ
1613 2710 1658 2743 et
1690 2716 1822 2754 marg.
1844 2703 1927 2742 A²:

256 2753 376 2806 χάριν
398 2753 439 2791 Μ
454 2753 494 2792 Α
510 2754 546 2792 Β
729 2757 809 2806 854
839 2758 1009 2809 φανείην
1027 2759 1067 2810 γ’
1090 2758 1123 2796 L
1141 2757 1175 2796 P
1192 2757 1244 2797 Β2
1261 2759 1424 2811 (φανείη
1444 2759 1494 2811 Σ)
1681 2759 1762 2808 858
1791 2758 1927 2810 φίλων

259 2807 301 2845 Μ
317 2807 352 2845 Β
373 2821 382 2846 :
411 2809 534 2860 φίλον
556 2810 589 2848 L
607 2810 694 2849 PA
818 2812 899 2861 859
929 2813 962 2852 δ’
980 2814 1065 2863 ἐμοὶ
1090 2811 1279 2863 Elmsley
1399 2814 1482 2852 860
1511 2815 1688 2866 στρατοῦ
1707 2824 1919 2863 suprascr.

258 2861 316 2899 M2
479 2864 559 2903 862
590 2866 655 2906 ,σὺ
687 2865 752 2904 M:
783 2880 847 2906 σοι
879 2865 939 2903 M²
1103 2868 1182 2915 864
1228 2867 1342 2907 ἔστιν
1372 2868 1524 2921 ἀνδρῶν
1551 2867 1682 2906 Arist.
1719 2867 1847 2906 Rhet.
1881 2866 1923 2907 ii.

256 2929 304 2954 21
563 2919 642 2957 866
683 2923 814 2960 αὐτῶν
851 2920 884 2958 L
1062 2920 1219 2962 πόλεως
1258 2922 1379 2962 codd.
1429 2920 1595 2972 (πόλεος
1636 2921 1691 2970 O,
1732 2927 1777 2960 ut
1817 2921 1921 2974 vid.)

255 2971 335 3009 868
364 2975 506 3013 πλεῖον
529 2972 562 3010 L
