2118 3366
188 219 239 262 οὗ
256 218 576 278 κατεμέμψατο,
590 222 741 263 τοῦτον
759 219 806 263 δὲ
827 216 1159 277 παρεμυθήσατο
1176 218 1270 263 υἱοῦ
1285 216 1354 263 καὶ
1371 216 1567 276 γυναικὸς
1583 215 1860 278 στερηθέντα·

187 294 248 350 τῷ
271 292 317 336 δὲ
339 289 580 351 Ἱππολύτῳ
600 294 725 348 τιμὰς
745 292 833 350 ἔφη
855 291 1111 350 ἐπιχωρίους
1131 291 1551 350 ἐγκαταστὴσεσθαι.

248 498 302 545 ‘H
344 502 477 559 σκηνὴ
525 505 603 547 τοῦ
645 502 857 561 δράματος
901 503 1117 549 ὑπόκειται
1159 504 1204 548 ἐν
1244 503 1454 561 Ἀθήναις.
1531 502 1736 560 ἐδιδάχθη
1786 502 1858 549 ἐπὶ

188 572 484 633 Ἐπαμείνονος
525 575 736 634 ἄρχοντος
777 575 1009 634 ὀλυμπιάδι
1052 574 1124 631 rr(
1163 577 1248 621 ἔτει
1290 576 1339 620 δ’.
1412 580 1579 631 πρῶτος
1617 577 1860 634 Εὐριπίδης,

188 646 384 705 δεύτερος
402 647 574 706 Ἰοφῶν,
595 650 737 705 τρίτος
747 647 862 694 Ἴων.
923 650 1019 694 ἔστι
1053 649 1099 693 δὲ
1132 648 1254 694 οὗτος
1274 647 1530 693 Ἱππόλυτος
1564 647 1759 705 δεύτερος
1781 646 1862 709 <ὁ>
1886 667 1908 708 5

188 722 254 765 καὶ
275 723 510 780 στεφανίας
527 725 966 782 προσαγορευόμενος.
1017 723 1268 781 ἐμφαίνεται
1292 723 1337 766 δέ
1358 720 1539 781 ὕστερος
1557 722 1862 781 γεγραμμένος·

186 797 236 840 τὸ
257 797 341 854 γὰρ
363 795 546 851 ἀπρεπὲς
578 796 644 840 καὶ
674 797 926 854 κακηγορίας
955 797 1077 853 ἄξιον
1099 796 1146 840 ἐν
1166 795 1304 856 τούτῳ
1327 795 1562 850 διώρθωται
1584 796 1860 855 τῷδράματι.

188 870 237 914 τὸ
260 870 306 914 δὲ
330 869 467 927 δρᾶμα
489 872 573 913 τῶν
592 871 783 927 πρώτων.

248 1004 266 1031 1
298 993 370 1032 οὐκ
391 989 597 1044 ἐμέμψατο
620 991 727 1042 Nap.
755 990 844 1041 (οὐκ
866 989 1131 1042 ἀπεπέμψατο
1153 990 1194 1030 Μ
1210 990 1268 1044 V)
1410 1004 1435 1029 2
1467 991 1704 1045 ἐπιχωρίους
1725 991 1833 1042 Nap.
1853 1006 1861 1031 ε

188 1049 267 1099 γῆς
289 1045 422 1086 ceteri
562 1046 947 1098 ἐγκαταστήσασθαι
969 1046 1090 1085 codd.

246 1101 287 1140 11
323 1099 651 1150 ‘Aristophanis
671 1106 971 1150 argumentum
994 1101 1131 1150 capite
1155 1106 1350 1139 truncum
1365 1100 1375 1116 ’
1395 1113 1490 1140 esse
1510 1100 1617 1140 vidit
1640 1100 1869 1140 Kirchhoff

188 1169 215 1206 3
246 1159 290 1197 ἐν
305 1156 447 1204 θήβαις
464 1154 585 1194 codd.
606 1169 616 1194 t
651 1159 695 1196 ἐν
709 1153 920 1208 (Τροιζῆνι
941 1156 1006 1196 καὶ
1027 1158 1071 1196 οὐ
1093 1154 1269 1208 καθάπερ
1289 1158 1362 1195 τοῦ
1383 1155 1578 1208 προτέρου
1594 1157 1637 1196 ἐν
1680 1155 1863 1204 Ἀθήναις

191 1210 439 1251 Schwartz:
458 1209 535 1249 sed
551 1208 603 1250 cs.
617 1223 728 1260 quae
744 1210 797 1249 ad
814 1210 902 1249 init.
924 1210 1167 1249 notavimus
1253 1211 1317 1250 ἐπὶ
1334 1209 1616 1260 Ἐπαμείνονος
1678 1210 1863 1249 atthiae:

191 1267 255 1306 ἐπὶ
276 1264 484 1316 ἀμείνονος
506 1264 754 1315 (ἆμεινῶνος,
780 1263 994 1315 ἆμήνονος)
1019 1265 1144 1304 codd.
1335 1279 1359 1313 4
1390 1263 1484 1315 xC]
1509 1263 1577 1315 νζ’
1595 1264 1634 1303 V
1657 1266 1744 1315 (ἐπὶ
1763 1265 1859 1304 add.

191 1319 454 1416 Mb}B,D·y&p
473 1318 572 1359 add.
592 1319 630 1359 Ν
635 1332 704 1371 ap.
721 1324 823 1359 ante
845 1318 1087 1371 numerum)
1201 1330 1227 1370 5
1258 1321 1279 1360 ὁ
1300 1319 1396 1358 add.
1418 1319 1572 1359 Nauck
1684 1332 1708 1370 7
1740 1335 1862 1369 κατη-

187 1390 264 1426 γορ
282 1391 327 1417 ας
