2118 3366
903 148 1341 200 ΕΥΡΙΠΙΔΟΥ

406 282 540 347 πλὴν
570 287 638 352 τῷ
669 282 863 335 τεκόντι
894 280 1048 348 κάρτα
1075 279 1334 346 δυσμαθὴς
1365 281 1504 332 ἰδεῖν·

406 366 507 418 οὔτ’
536 365 770 432 ὀμμάτων
799 367 895 433 γὰρ
925 368 1079 429 δῆλος
1109 363 1169 428 ἦν
1202 362 1508 417 κατάστασις

405 450 507 501 οὔτ’
538 451 720 517 εὐφυὲς
751 450 1046 516 πρόσωπον,
1079 449 1202 513 αἷμα
1229 447 1271 498 δ’
1304 446 1363 511 ἐξ
1386 446 1537 513 ἄκρου

407 534 588 597 ἔσταξε
620 533 795 600 κρατὸς
827 531 1249 600 συμπεφυρμένον
1282 532 1413 598 πυρί,

408 617 588 683 σάρκες
619 617 661 669 δ’
693 617 777 669 ἀπ’
811 615 1005 668 ὀστέων
1034 617 1169 667 ὥστε
1198 615 1429 667 πεύκινον
1459 614 1610 681 δάκρυ
1841 631 1947 659 1200

406 704 647 768 γναθμοῖς
678 700 884 765 ἀδήλοις
915 695 1192 767 φαρμάκων
1223 698 1480 766 ἀπέρρεον,

407 784 570 836 δεινὸν
600 784 775 849 θέαμα·
821 788 953 837 πᾶσι
983 783 1024 835 δ’
1054 782 1116 847 ἧν
1146 784 1314 850 φόβος
1343 786 1502 850 θιγεῖν

407 873 597 935 νεκροῦ·
644 868 801 935 τύχην
829 870 928 935 γὰρ
958 870 1160 935 εἴχομεν
1191 865 1514 917 διδάσκαλον.

482 947 646 1015 πατὴρ
677 947 720 999 δ’
750 948 778 999 ὁ
807 946 1012 1013 τλήμων
1042 953 1306 1016 συμφορᾶς
1337 949 1565 1018 ἀγνωσία

410 1034 552 1101 ἄφνω
585 1035 882 1101 προσελθὼν
913 1037 1052 1098 δῶμα
1081 1033 1378 1099 προσπίτνει
1407 1038 1578 1102 νεκρῷ·
1841 1049 1949 1087 1205

408 1117 584 1188 ᾤμωξε
613 1118 655 1170 δ’
690 1117 848 1176 εὐθύς,
885 1118 964 1168 καὶ
995 1115 1293 1182 περιπτύξας
1322 1115 1474 1183 χέρας

410 1207 546 1254 κυνεῖ
572 1204 868 1268 προσαυδῶν
899 1200 1071 1252 τοιάδ’·
1109 1199 1183 1250 Ὠ
1215 1199 1428 1264 δύστηνε
1455 1206 1561 1258 παῖ,

409 1288 482 1339 τίς
516 1286 563 1335 σ’
595 1285 677 1336 ὧδ’
710 1286 895 1350 ἀτίμως
925 1285 1175 1349 δαιμόνων
1207 1284 1466 1343 ἀπώλεσε,·

408 1372 482 1423 τίς
513 1370 600 1421 τὸν
630 1369 842 1437 γέροντα
872 1368 1067 1433 τύμβον
1097 1367 1320 1434 ὀρφανὸν
1350 1367 1498 1419 σέθεν

407 1456 633 1519 τίθησιν,·
679 1456 828 1518 οἴμοι,
865 1451 1166 1517 συνθάνοιμί
1191 1473 1289 1510 σοι,
1324 1450 1514 1503 τέκνον.
1849 1469 1954 1496 1210

412 1539 518 1590 ἐπεὶ
551 1540 604 1589 δὲ
635 1536 827 1603 θρήνων
861 1537 939 1588 καὶ
971 1537 1104 1603 γόων
1135 1536 1403 1595 ἐπαύσατο,

408 1623 604 1693 χρῄζων
635 1621 837 1688 γεραιὸν
869 1621 1209 1686 ἐξαναστῆσαι
1239 1619 1390 1685 δέμας

410 1706 698 1774 προσείχεθ’
730 1706 864 1758 ὥστε
895 1704 1075 1758 κισσὸς
1105 1705 1301 1771 ἔρνεσιν
1333 1703 1526 1771 δάφνης

408 1796 647 1842 λεπτοῖσι
678 1789 905 1848 πέπλοις,
941 1791 1077 1840 δεινὰ
1107 1789 1149 1840 δ’
1180 1788 1241 1852 ἣν
1272 1790 1614 1854 παλαίσματα·

408 1874 435 1925 ὃ
466 1878 557 1940 μὲν
587 1876 681 1941 γὰρ
712 1874 851 1939 ἤθελ’
883 1871 1224 1937 ἐξαναστῆσαι
1253 1874 1390 1940 γόνυ,
1847 1887 1952 1928 1215

407 1958 438 2023 ἢ
470 1958 511 2009 δ’
545 1957 845 2022 ἀντελάζυτ’.
938 1960 982 2010 εἰ
1013 1960 1066 2009 δὲ
1098 1957 1219 2024 πρὸς
1248 1959 1370 2023 βίαν
1402 1956 1530 2024 ἄγοι,

412 2042 598 2108 σάρκας
630 2044 832 2110 γεραιᾶς
864 2040 1151 2108 ἐσπάρασσ’
1184 2041 1267 2094 ἀπ’
1298 2040 1504 2093 ὀστέων.

409 2128 573 2196 χρόνῳ
606 2127 647 2178 δ’
680 2126 886 2192 ἀπέσβη
921 2127 999 2178 καὶ
1030 2126 1207 2194 μεθῆχ’
1239 2127 1266 2175 ὁ
1297 2125 1542 2192 δύσμορος

409 2209 599 2278 ψυχήν·
647 2215 797 2262 κακοῦ
825 2213 920 2278 γὰρ
952 2209 1110 2262 οὐκέτ’
1142 2209 1203 2274 ἧν
1230 2208 1513 2276 ὑπέρτερος.

413 2299 599 2345 κεῖνται
629 2298 683 2346 δὲ
715 2296 878 2361 νεκροὶ
909 2300 1025 2348 παῖς
1054 2316 1109 2346 τε
1141 2295 1219 2346 καὶ
1250 2293 1409 2361 γέρων
1443 2292 1604 2359 πατὴρ
1852 2309 1954 2339 1220

415 2374 591 2434 πέλας,
624 2375 828 2441 ποθεινὴ
860 2377 1119 2447 δακρύοισι
1151 2377 1404 2446 συμφορά.

344 2509 444 2536 1201
479 2496 642 2545 ἀδήλοις
669 2495 863 2534 AVBl:
900 2496 1063 2544 ἀδήλων
1085 2495 1118 2533 L
1140 2501 1183 2533 et
1211 2495 1304 2533 sine
1332 2495 1457 2533 dubio
1483 2494 1546 2532 P:
1575 2497 1765 2546 γναθμῶν
1791 2493 1954 2541 ἀδήλοις

284 2552 506 2603 φαρμάκοις
538 2558 585 2602 p,
621 2557 664 2589 et
703 2551 816 2589 idem
856 2551 1056 2589 crederes
1095 2550 1294 2588 habuisse
1333 2554 1378 2598 Σ,
1415 2550 1455 2589 αἱ
1494 2547 1639 2602 σάρκες
1677 2553 1760 2588 τῶν
1795 2547 1955 2600 γνάθων

285 2606 499 2659 κατέρρεον
525 2606 600 2646 ὑπὸ
623 2609 706 2646 τῶν
733 2607 985 2654 ἀδηλοποιῶν
1012 2604 1230 2657 φαρμάκων
1257 2604 1338 2642 1ιίΞί
1365 2604 1598 2642 addidisset
1625 2603 1765 2651 δοτικὴ
1793 2601 1838 2643 δὲ
1864 2603 1954 2643 ἀντὶ

284 2665 357 2709 τῆς
395 2663 561 2712 γενικῆς
805 2671 909 2708 1205
951 2660 1160 2712 παρελθὼν
1198 2658 1350 2697 Nauck
1528 2660 1771 2711 προσπιτνεΐ
1806 2657 1840 2695 L
1855 2657 1926 2695 Pv
1945 2671 1954 2695 ε

284 2715 528 2763 προσπίπτει
548 2713 639 2753 AV
653 2715 688 2753 B
851 2716 956 2752 1206
985 2715 1108 2766 χέρας
1129 2713 1163 2750 L
1179 2713 1212 2751 P
1232 2727 1241 2751 τ
1270 2713 1391 2763 δέμας
1409 2713 1500 2751 AV
1514 2712 1549 2750 B
1712 2724 1814 2760 1207
1845 2715 1958 2752 κυνεῖ

285 2770 346 2806 V:
378 2769 487 2810 κύνει
507 2769 547 2806 Α
561 2770 596 2807 Β
613 2770 646 2808 L
661 2770 694 2807 P
806 2769 897 2820 παῖ]
921 2769 972 2809 σὺ
990 2768 1030 2806 V
1048 2781 1057 2806 ε
1085 2784 1150 2820 γρ.
1176 2770 1252 2808 παῖ
1267 2780 1480 2817 suprascr.
1503 2781 1529 2805 v
1697 2766 1802 2804 1208
1830 2767 1892 2807 τίς
1913 2766 1953 2806 σ’

286 2824 319 2861 L
335 2824 369 2861 B
391 2830 433 2862 et
454 2837 479 2862 v
498 2830 570 2862 aut
589 2824 644 2862 V¹
662 2838 670 2864 :
702 2823 766 2864 τίς
785 2823 822 2860 V
837 2823 869 2861 P
887 2837 896 2861 :
925 2823 988 2864 τίς
1009 2823 1044 2863 δ’
1064 2822 1104 2861 Α
1300 2834 1403 2860 1212
1433 2820 1575 2872 δέμας]
1595 2838 1661 2875 γρ.
1684 2820 1790 2862 πόδα
1808 2821 1834 2870 ἢ
1853 2819 1954 2873 γόνυ

285 2883 315 2920 Σ
333 2879 366 2916 Β
521 2892 625 2927 1214
655 2881 842 2919 λεπνοῖσι
862 2877 902 2915 Α
1054 2888 1158 2926 1215
1190 2875 1463 2928 ἐξανασπάσαι
1485 2876 1632 2915 Nauck
1741 2874 1862 2927 γόνυ]
1882 2873 1947 2928 γρζ

284 2933 405 2983 δέμας
427 2947 451 2971 v
566 2934 671 2972 1216
699 2931 940 2982 ἀντελάζυτ’
964 2931 998 2970 L
1014 2931 1070 2970 P:
1103 2930 1340 2981 ἀντελάζετ’
1359 2931 1451 2969 AV
1464 2931 1539 2982 Bp
1654 2930 1760 2968 1218
1789 2927 1953 2977 ἀπέσβη

283 2991 500 3042 Scaliger:
533 2990 692 3039 ἀπέστη
712 2991 835 3029 codd.
858 2998 901 3028 et
923 2995 953 3032 Σ
1137 3002 1235 3028 1221
1269 2989 1473 3042 δακρύοισι
1494 2990 1534 3027 Α
1549 2989 1582 3028 L
1598 2989 1676 3032 ΡΣ
1698 3002 1707 3026 :
1736 2985 1951 3039 δακρύουσι

280 3046 319 3084 V
333 3046 367 3084 B
388 3060 397 3084 :
427 3047 476 3095 δὴ
498 3045 667 3087 κλύουσι
688 3043 870 3093 Verrall,
892 3044 970 3084 sed
991 3044 1041 3083 cf.
1072 3057 1176 3084 1210
