<?xml version="1.0" encoding="UTF-8"?>
<!DOCTYPE html PUBLIC "-//W3C//DTD XHTML 1.0 Transitional//EN"
    "http://www.w3.org/TR/xhtml1/DTD/xhtml1-transitional.dtd">
<html xmlns="http://www.w3.org/1999/xhtml" xml:lang="en" lang="en">
 <head>
  <title>
</title>
<meta http-equiv="Content-Type" content="text/html;charset=utf-8" />
  <meta name='ocr-system' content='tesseract 3.04.00' />
  <meta name='ocr-capabilities' content='ocr_page ocr_carea ocr_par ocr_line ocrx_word'/>
</head>
<body>
  <div class='ocr_page' id='page_1' title='image "./euripidistragoed01euriuoft_0349.png"; bbox 0 0 2118 3366; ppageno 0'>
   <div class='ocr_carea' id='block_1_1' title="bbox 961 154 1223 202">
    <p class='ocr_par' dir='ltr' id='par_1_1' title="bbox 961 154 1223 202">
     <span class='ocr_line' id='line_1_1' title="bbox 961 154 1223 202; baseline -0.004 0"><span class='ocrx_word' id='word_1_1' title='bbox 961 154 1223 202; x_wconf 89' lang='lat' dir='ltr'><strong>EKABH</strong></span> 
     </span>
    </p>
   </div>
   <div class='ocr_carea' id='block_1_2' title="bbox 263 282 1940 2621">
    <p class='ocr_par' dir='ltr' id='par_1_2' title="bbox 263 282 1940 2621">
     <span class='ocr_line' id='line_1_2' title="bbox 389 282 1930 354; baseline -0.008 -15"><span class='ocrx_word' id='word_1_2' title='bbox 389 290 594 341; x_wconf 82' lang='grc' dir='ltr'>σύνισθι</span> <span class='ocrx_word' id='word_1_3' title='bbox 621 289 715 352; x_wconf 81' lang='grc' dir='ltr'>μὲν</span> <span class='ocrx_word' id='word_1_4' title='bbox 741 284 855 354; x_wconf 91' lang='grc' dir='ltr'>γάρ,</span> <span class='ocrx_word' id='word_1_5' title='bbox 886 283 950 349; x_wconf 88' lang='grc' dir='ltr'>ἥν</span> <span class='ocrx_word' id='word_1_6' title='bbox 976 305 1025 336; x_wconf 92' lang='grc' dir='ltr'>τι</span> <span class='ocrx_word' id='word_1_7' title='bbox 1053 283 1322 349; x_wconf 87' lang='grc' dir='ltr'>βουλεύσω</span> <span class='ocrx_word' id='word_1_8' title='bbox 1356 282 1507 334; x_wconf 90' lang='grc' dir='ltr'>κακὸν</span> <span class='ocrx_word' id='word_1_9' title='bbox 1845 287 1930 336; x_wconf 90' lang='lat'>870</span> 
     </span>
     <span class='ocr_line' id='line_1_3' title="bbox 386 364 1525 442; baseline -0.006 -19"><span class='ocrx_word' id='word_1_10' title='bbox 386 377 453 442; x_wconf 80' lang='grc' dir='ltr'>τῷ</span> <span class='ocrx_word' id='word_1_11' title='bbox 483 371 615 423; x_wconf 92' lang='grc' dir='ltr'>τόνδ’</span> <span class='ocrx_word' id='word_1_12' title='bbox 647 369 1009 427; x_wconf 80' lang='grc' dir='ltr'>ἀποκτείναντι,</span> <span class='ocrx_word' id='word_1_13' title='bbox 1044 365 1328 437; x_wconf 85' lang='grc' dir='ltr'>συνδράσῃς</span> <span class='ocrx_word' id='word_1_14' title='bbox 1359 369 1414 418; x_wconf 78' lang='grc' dir='ltr'>δὲ</span> <span class='ocrx_word' id='word_1_15' title='bbox 1441 364 1525 431; x_wconf 90' lang='grc' dir='ltr'>μή.</span> 
     </span>
     <span class='ocr_line' id='line_1_4' title="bbox 342 446 1433 521; baseline -0.007 -13"><span class='ocrx_word' id='word_1_16' title='bbox 342 471 345 475; x_wconf 84' lang='grc'><strong>’</strong></span> <span class='ocrx_word' id='word_1_17' title='bbox 384 452 447 520; x_wconf 87' lang='grc' dir='ltr'>ἢν</span> <span class='ocrx_word' id='word_1_18' title='bbox 476 455 519 506; x_wconf 89' lang='grc' dir='ltr'>δ’</span> <span class='ocrx_word' id='word_1_19' title='bbox 550 453 609 519; x_wconf 83' lang='grc' dir='ltr'>ἐξ</span> <span class='ocrx_word' id='word_1_20' title='bbox 632 454 852 521; x_wconf 83' lang='grc' dir='ltr'>Ἀχαιῶν</span> <span class='ocrx_word' id='word_1_21' title='bbox 882 452 1098 518; x_wconf 86' lang='grc' dir='ltr'>θόρυβος</span> <span class='ocrx_word' id='word_1_22' title='bbox 1126 446 1156 514; x_wconf 87' lang='grc' dir='ltr'>ἢ</span> <span class='ocrx_word' id='word_1_23' title='bbox 1188 448 1433 516; x_wconf 85' lang='grc' dir='ltr'>’πικουρία</span> 
     </span>
     <span class='ocr_line' id='line_1_5' title="bbox 386 534 1484 606; baseline -0.007 -14"><span class='ocrx_word' id='word_1_24' title='bbox 386 538 676 606; x_wconf 83' lang='grc' dir='ltr'>πάσχοντος</span> <span class='ocrx_word' id='word_1_25' title='bbox 706 535 883 603; x_wconf 88' lang='grc' dir='ltr'>ἀνδρὸς</span> <span class='ocrx_word' id='word_1_26' title='bbox 915 534 1114 606; x_wconf 88' lang='grc' dir='ltr'>Θρῃκὸς</span> <span class='ocrx_word' id='word_1_27' title='bbox 1145 534 1225 585; x_wconf 84' lang='grc' dir='ltr'>οἷα</span> <span class='ocrx_word' id='word_1_28' title='bbox 1253 535 1484 585; x_wconf 89' lang='grc' dir='ltr'>πείσεται</span> 
     </span>
     <span class='ocr_line' id='line_1_6' title="bbox 388 616 1450 695; baseline -0.006 -21"><span class='ocrx_word' id='word_1_29' title='bbox 388 629 524 695; x_wconf 81' lang='grc' dir='ltr'>φανῇ</span> <span class='ocrx_word' id='word_1_30' title='bbox 555 643 645 681; x_wconf 88' lang='grc' dir='ltr'>τις,</span> <span class='ocrx_word' id='word_1_31' title='bbox 679 621 814 688; x_wconf 83' lang='grc' dir='ltr'>εἶργε</span> <span class='ocrx_word' id='word_1_32' title='bbox 841 619 908 686; x_wconf 78' lang='grc' dir='ltr'>μὴ</span> <span class='ocrx_word' id='word_1_33' title='bbox 941 622 1101 670; x_wconf 80' lang='grc' dir='ltr'>δοκῶν</span> <span class='ocrx_word' id='word_1_34' title='bbox 1133 616 1257 683; x_wconf 79' lang='grc' dir='ltr'>ἐμὴν</span> <span class='ocrx_word' id='word_1_35' title='bbox 1287 616 1450 685; x_wconf 84' lang='grc' dir='ltr'>χάριν.</span> 
     </span>
     <span class='ocr_line' id='line_1_7' title="bbox 387 699 1932 771; baseline -0.007 -13"><span class='ocrx_word' id='word_1_36' title='bbox 387 708 450 758; x_wconf 78' lang='grc' dir='ltr'>τὰ</span> <span class='ocrx_word' id='word_1_37' title='bbox 480 705 522 758; x_wconf 86' lang='grc' dir='ltr'>δ’</span> <span class='ocrx_word' id='word_1_38' title='bbox 552 701 1160 771; x_wconf 73' lang='grc' dir='ltr'>ἄλλα-θάρσει-πάντ’</span> <span class='ocrx_word' id='word_1_39' title='bbox 1194 703 1293 769; x_wconf 82' lang='grc' dir='ltr'>ἐγὼ</span> <span class='ocrx_word' id='word_1_40' title='bbox 1325 699 1464 765; x_wconf 88' lang='grc' dir='ltr'>θήσω</span> <span class='ocrx_word' id='word_1_41' title='bbox 1497 702 1673 752; x_wconf 86' lang='grc' dir='ltr'>καλῶς.</span> <span class='ocrx_word' id='word_1_42' title='bbox 1855 703 1932 755; x_wconf 87' lang='grc'>875</span> 
     </span>
     <span class='ocr_line' id='line_1_8' title="bbox 263 783 1646 858; baseline -0.007 -16"><span class='ocrx_word' id='word_1_43' title='bbox 263 795 358 858; x_wconf 92' lang='grc' dir='ltr'>Αγ.</span> <span class='ocrx_word' id='word_1_44' title='bbox 388 795 493 844; x_wconf 84' lang='grc' dir='ltr'>πῶς</span> <span class='ocrx_word' id='word_1_45' title='bbox 523 790 635 850; x_wconf 78' lang='grc' dir='ltr'>οὖν,·</span> <span class='ocrx_word' id='word_1_46' title='bbox 677 790 729 841; x_wconf 88' lang='grc' dir='ltr'>τί</span> <span class='ocrx_word' id='word_1_47' title='bbox 754 787 978 855; x_wconf 89' lang='grc' dir='ltr'>δράσεις,·</span> <span class='ocrx_word' id='word_1_48' title='bbox 1025 787 1209 853; x_wconf 86' lang='grc' dir='ltr'>πότερα</span> <span class='ocrx_word' id='word_1_49' title='bbox 1239 784 1507 852; x_wconf 89' lang='grc' dir='ltr'>φάσγανον</span> <span class='ocrx_word' id='word_1_50' title='bbox 1535 783 1646 850; x_wconf 85' lang='grc' dir='ltr'>χερὶ</span> 
     </span>
     <span class='ocr_line' id='line_1_9' title="bbox 388 869 1511 941; baseline -0.004 -15"><span class='ocrx_word' id='word_1_51' title='bbox 388 878 626 940; x_wconf 78' lang='grc' dir='ltr'>λαβοῦσα</span> <span class='ocrx_word' id='word_1_52' title='bbox 653 874 804 941; x_wconf 76' lang='grc' dir='ltr'>γραίᾳ</span> <span class='ocrx_word' id='word_1_53' title='bbox 835 876 980 940; x_wconf 88' lang='grc' dir='ltr'>φῶτα</span> <span class='ocrx_word' id='word_1_54' title='bbox 1008 869 1278 936; x_wconf 86' lang='grc' dir='ltr'>βάρβαρον</span> <span class='ocrx_word' id='word_1_55' title='bbox 1310 873 1511 926; x_wconf 81' lang='grc' dir='ltr'>κτενεῖς,</span> 
     </span>
     <span class='ocr_line' id='line_1_10' title="bbox 387 952 1275 1025; baseline -0.005 -17"><span class='ocrx_word' id='word_1_56' title='bbox 387 955 418 1022; x_wconf 81' lang='grc' dir='ltr'>ἦ</span> <span class='ocrx_word' id='word_1_57' title='bbox 450 956 789 1025; x_wconf 90' lang='grc' dir='ltr'>φαρμάκοισιν</span> <span class='ocrx_word' id='word_1_58' title='bbox 817 952 848 1021; x_wconf 87' lang='grc' dir='ltr'>ἢ</span> <span class='ocrx_word' id='word_1_59' title='bbox 880 955 1124 1022; x_wconf 80' lang='grc' dir='ltr'>’πικουρίᾳ</span> <span class='ocrx_word' id='word_1_60' title='bbox 1154 954 1275 1013; x_wconf 88' lang='grc' dir='ltr'>τινί,·</span> 
     </span>
     <span class='ocr_line' id='line_1_11' title="bbox 386 1035 1636 1109; baseline -0.003 -16"><span class='ocrx_word' id='word_1_61' title='bbox 386 1043 461 1094; x_wconf 90' lang='grc' dir='ltr'>τίς</span> <span class='ocrx_word' id='word_1_62' title='bbox 493 1062 576 1092; x_wconf 92' lang='grc' dir='ltr'>σοι</span> <span class='ocrx_word' id='word_1_63' title='bbox 605 1040 841 1105; x_wconf 79' lang='grc' dir='ltr'>ξυνέσται</span> <span class='ocrx_word' id='word_1_64' title='bbox 871 1040 1008 1107; x_wconf 88' lang='grc' dir='ltr'>χείρ;</span> <span class='ocrx_word' id='word_1_65' title='bbox 1057 1039 1211 1090; x_wconf 92' lang='grc' dir='ltr'>πόθεν</span> <span class='ocrx_word' id='word_1_66' title='bbox 1243 1035 1399 1109; x_wconf 85' lang='grc' dir='ltr'>κτήσῃ</span> <span class='ocrx_word' id='word_1_67' title='bbox 1433 1037 1636 1104; x_wconf 83' lang='grc' dir='ltr'>φίλους,·</span> 
     </span>
     <span class='ocr_line' id='line_1_12' title="bbox 263 1121 1934 1192; baseline -0.005 -15"><span class='ocrx_word' id='word_1_68' title='bbox 263 1130 353 1177; x_wconf 92' lang='grc' dir='ltr'>Εκ.</span> <span class='ocrx_word' id='word_1_69' title='bbox 386 1124 566 1192; x_wconf 86' lang='grc' dir='ltr'>στέγαι</span> <span class='ocrx_word' id='word_1_70' title='bbox 597 1121 852 1176; x_wconf 85' lang='grc' dir='ltr'>κεκεύθασ’</span> <span class='ocrx_word' id='word_1_71' title='bbox 883 1124 991 1174; x_wconf 83' lang='grc' dir='ltr'>αἵδε</span> <span class='ocrx_word' id='word_1_72' title='bbox 1020 1121 1270 1191; x_wconf 82' lang='grc' dir='ltr'>Τρῳάδων</span> <span class='ocrx_word' id='word_1_73' title='bbox 1300 1124 1473 1189; x_wconf 89' lang='grc' dir='ltr'>ὅχλον.</span> <span class='ocrx_word' id='word_1_74' title='bbox 1857 1123 1934 1163; x_wconf 85' lang='grc'>880</span> 
     </span>
     <span class='ocr_line' id='line_1_13' title="bbox 263 1204 1552 1278; baseline -0.004 -18"><span class='ocrx_word' id='word_1_75' title='bbox 263 1213 356 1278; x_wconf 75' lang='grc' dir='ltr'>Αγ.</span> <span class='ocrx_word' id='word_1_76' title='bbox 388 1211 477 1262; x_wconf 75' lang='grc' dir='ltr'>τὰς</span> <span class='ocrx_word' id='word_1_77' title='bbox 505 1209 852 1277; x_wconf 81' lang='grc' dir='ltr'>αἰχμαλώτους</span> <span class='ocrx_word' id='word_1_78' title='bbox 885 1207 1044 1265; x_wconf 75' lang='grc' dir='ltr'>εἶπας,</span> <span class='ocrx_word' id='word_1_79' title='bbox 1077 1205 1342 1270; x_wconf 88' lang='grc' dir='ltr'>Ἑλλήνων</span> <span class='ocrx_word' id='word_1_80' title='bbox 1370 1204 1552 1272; x_wconf 87' lang='grc' dir='ltr'>ἄγραν;</span> 
     </span>
     <span class='ocr_line' id='line_1_14' title="bbox 265 1287 1535 1357; baseline -0.005 -13"><span class='ocrx_word' id='word_1_81' title='bbox 265 1298 356 1344; x_wconf 89' lang='grc' dir='ltr'>Εκ.</span> <span class='ocrx_word' id='word_1_82' title='bbox 388 1292 482 1344; x_wconf 82' lang='grc' dir='ltr'>σὺν</span> <span class='ocrx_word' id='word_1_83' title='bbox 512 1295 688 1344; x_wconf 89' lang='grc' dir='ltr'>ταῖσδε</span> <span class='ocrx_word' id='word_1_84' title='bbox 717 1291 804 1344; x_wconf 84' lang='grc' dir='ltr'>τὸν</span> <span class='ocrx_word' id='word_1_85' title='bbox 835 1290 955 1356; x_wconf 86' lang='grc' dir='ltr'>ε’μὸν</span> <span class='ocrx_word' id='word_1_86' title='bbox 986 1289 1147 1357; x_wconf 86' lang='grc' dir='ltr'>φονέα</span> <span class='ocrx_word' id='word_1_87' title='bbox 1176 1287 1535 1355; x_wconf 90' lang='grc' dir='ltr'>τιμωρήσομαι.</span> 
     </span>
     <span class='ocr_line' id='line_1_15' title="bbox 264 1372 1522 1444; baseline -0.002 -16"><span class='ocrx_word' id='word_1_88' title='bbox 264 1381 358 1444; x_wconf 93' lang='grc' dir='ltr'>Αγ.</span> <span class='ocrx_word' id='word_1_89' title='bbox 391 1376 471 1428; x_wconf 91' lang='grc' dir='ltr'>καὶ</span> <span class='ocrx_word' id='word_1_90' title='bbox 500 1381 605 1430; x_wconf 91' lang='grc' dir='ltr'>πῶς</span> <span class='ocrx_word' id='word_1_91' title='bbox 633 1374 857 1443; x_wconf 81' lang='grc' dir='ltr'>γυναιξὶν</span> <span class='ocrx_word' id='word_1_92' title='bbox 889 1374 1119 1441; x_wconf 82' lang='grc' dir='ltr'>ἀρσένων</span> <span class='ocrx_word' id='word_1_93' title='bbox 1149 1374 1293 1425; x_wconf 85' lang='grc' dir='ltr'>ἔσται</span> <span class='ocrx_word' id='word_1_94' title='bbox 1324 1372 1522 1439; x_wconf 87' lang='grc' dir='ltr'>κράτος,·</span> 
     </span>
     <span class='ocr_line' id='line_1_16' title="bbox 265 1458 1540 1527; baseline -0.004 -16"><span class='ocrx_word' id='word_1_95' title='bbox 265 1465 354 1512; x_wconf 91' lang='grc' dir='ltr'>Εκ.</span> <span class='ocrx_word' id='word_1_96' title='bbox 386 1459 550 1511; x_wconf 87' lang='grc' dir='ltr'>δεινὸν</span> <span class='ocrx_word' id='word_1_97' title='bbox 579 1459 637 1511; x_wconf 83' lang='grc' dir='ltr'>τὸ</span> <span class='ocrx_word' id='word_1_98' title='bbox 666 1463 861 1525; x_wconf 88' lang='grc' dir='ltr'>πλῆθος</span> <span class='ocrx_word' id='word_1_99' title='bbox 893 1459 987 1510; x_wconf 86' lang='grc' dir='ltr'>σὺν</span> <span class='ocrx_word' id='word_1_100' title='bbox 1018 1459 1149 1527; x_wconf 91' lang='grc' dir='ltr'>δόλῳ</span> <span class='ocrx_word' id='word_1_101' title='bbox 1181 1478 1236 1508; x_wconf 91' lang='grc' dir='ltr'>τε</span> <span class='ocrx_word' id='word_1_102' title='bbox 1266 1458 1540 1523; x_wconf 88' lang='grc' dir='ltr'>δύσμαχον.</span> 
     </span>
     <span class='ocr_line' id='line_1_17' title="bbox 265 1539 1936 1612; baseline -0.002 -16"><span class='ocrx_word' id='word_1_103' title='bbox 265 1549 359 1612; x_wconf 88' lang='grc' dir='ltr'>Αγ.</span> <span class='ocrx_word' id='word_1_104' title='bbox 391 1545 570 1596; x_wconf 91' lang='grc' dir='ltr'>δεινόν·</span> <span class='ocrx_word' id='word_1_105' title='bbox 617 1543 674 1594; x_wconf 82' lang='grc' dir='ltr'>τὸ</span> <span class='ocrx_word' id='word_1_106' title='bbox 703 1543 874 1609; x_wconf 91' lang='grc' dir='ltr'>μέντοι</span> <span class='ocrx_word' id='word_1_107' title='bbox 906 1545 1032 1606; x_wconf 86' lang='grc' dir='ltr'>θῆλυ</span> <span class='ocrx_word' id='word_1_108' title='bbox 1062 1541 1325 1609; x_wconf 87' lang='grc' dir='ltr'>μέμφομαι</span> <span class='ocrx_word' id='word_1_109' title='bbox 1353 1539 1513 1608; x_wconf 90' lang='grc' dir='ltr'>γένος.</span> <span class='ocrx_word' id='word_1_110' title='bbox 1857 1543 1936 1593; x_wconf 85' lang='grc'>885</span> 
     </span>
     <span class='ocr_line' id='line_1_18' title="bbox 265 1623 1524 1695; baseline -0.005 -15"><span class='ocrx_word' id='word_1_111' title='bbox 265 1633 356 1680; x_wconf 90' lang='grc' dir='ltr'>Εκ.</span> <span class='ocrx_word' id='word_1_112' title='bbox 386 1629 440 1680; x_wconf 94' lang='grc' dir='ltr'>τί</span> <span class='ocrx_word' id='word_1_113' title='bbox 464 1628 530 1688; x_wconf 85' lang='grc' dir='ltr'>δ’,·</span> <span class='ocrx_word' id='word_1_114' title='bbox 577 1627 634 1678; x_wconf 83' lang='grc' dir='ltr'>οὗ</span> <span class='ocrx_word' id='word_1_115' title='bbox 662 1631 892 1695; x_wconf 89' lang='grc' dir='ltr'>γυναῖκες</span> <span class='ocrx_word' id='word_1_116' title='bbox 923 1628 1060 1678; x_wconf 74' lang='grc' dir='ltr'>εἶλον</span> <span class='ocrx_word' id='word_1_117' title='bbox 1091 1625 1346 1692; x_wconf 81' lang='grc' dir='ltr'>Αἰγύπτου</span> <span class='ocrx_word' id='word_1_118' title='bbox 1375 1623 1524 1675; x_wconf 87' lang='grc' dir='ltr'>τέκνα</span> 
     </span>
     <span class='ocr_line' id='line_1_19' title="bbox 392 1707 1454 1778; baseline -0.004 -15"><span class='ocrx_word' id='word_1_119' title='bbox 392 1712 471 1763; x_wconf 82' lang='grc' dir='ltr'>καὶ</span> <span class='ocrx_word' id='word_1_120' title='bbox 503 1715 707 1777; x_wconf 88' lang='grc' dir='ltr'>Λῆμνον</span> <span class='ocrx_word' id='word_1_121' title='bbox 737 1711 891 1778; x_wconf 82' lang='grc' dir='ltr'>ἄρδην</span> <span class='ocrx_word' id='word_1_122' title='bbox 924 1709 1151 1776; x_wconf 84' lang='grc' dir='ltr'>ἀρσένων</span> <span class='ocrx_word' id='word_1_123' title='bbox 1184 1707 1454 1778; x_wconf 78' lang='grc' dir='ltr'>ἐξῴκισαν;</span> 
     </span>
     <span class='ocr_line' id='line_1_20' title="bbox 391 1792 1570 1862; baseline -0.004 -15"><span class='ocrx_word' id='word_1_124' title='bbox 391 1795 508 1847; x_wconf 87' lang='grc' dir='ltr'>ἀλλ’</span> <span class='ocrx_word' id='word_1_125' title='bbox 538 1797 604 1849; x_wconf 85' lang='grc' dir='ltr'>ὣς</span> <span class='ocrx_word' id='word_1_126' title='bbox 633 1794 877 1862; x_wconf 87' lang='grc' dir='ltr'>γενέσθω·</span> <span class='ocrx_word' id='word_1_127' title='bbox 929 1795 1075 1845; x_wconf 87' lang='grc' dir='ltr'>τόνδε</span> <span class='ocrx_word' id='word_1_128' title='bbox 1102 1796 1195 1858; x_wconf 81' lang='grc' dir='ltr'>μὲν</span> <span class='ocrx_word' id='word_1_129' title='bbox 1223 1792 1370 1858; x_wconf 87' lang='grc' dir='ltr'>μέθες</span> <span class='ocrx_word' id='word_1_130' title='bbox 1396 1792 1570 1858; x_wconf 91' lang='grc' dir='ltr'>λόγον,</span> 
     </span>
     <span class='ocr_line' id='line_1_21' title="bbox 391 1877 1603 1947; baseline -0.004 -16"><span class='ocrx_word' id='word_1_131' title='bbox 391 1879 599 1947; x_wconf 83' lang='grc' dir='ltr'>πέμψον</span> <span class='ocrx_word' id='word_1_132' title='bbox 628 1878 682 1931; x_wconf 90' lang='grc' dir='ltr'>δέ</span> <span class='ocrx_word' id='word_1_133' title='bbox 711 1900 796 1945; x_wconf 91' lang='grc' dir='ltr'>μοι</span> <span class='ocrx_word' id='word_1_134' title='bbox 825 1877 962 1943; x_wconf 88' lang='grc' dir='ltr'>τήνδ’</span> <span class='ocrx_word' id='word_1_135' title='bbox 994 1879 1243 1944; x_wconf 85' lang='grc' dir='ltr'>ἀσφαλῶς</span> <span class='ocrx_word' id='word_1_136' title='bbox 1275 1878 1355 1927; x_wconf 78' lang='grc' dir='ltr'>διὰ</span> <span class='ocrx_word' id='word_1_137' title='bbox 1386 1879 1603 1943; x_wconf 84' lang='grc' dir='ltr'>στρατοῦ</span> 
     </span>
     <span class='ocr_line' id='line_1_22' title="bbox 391 1959 1940 2033; baseline -0.005 -17"><span class='ocrx_word' id='word_1_138' title='bbox 391 1965 773 2032; x_wconf 69' lang='grc' dir='ltr'>γυναῖκα.-καὶ</span> <span class='ocrx_word' id='word_1_139' title='bbox 806 1964 871 2015; x_wconf 89' lang='grc' dir='ltr'>σὺ</span> <span class='ocrx_word' id='word_1_140' title='bbox 903 1962 1067 2033; x_wconf 84' lang='grc' dir='ltr'>Θρῃκὶ</span> <span class='ocrx_word' id='word_1_141' title='bbox 1098 1964 1351 2013; x_wconf 82' lang='grc' dir='ltr'>πλαθεῖσα</span> <span class='ocrx_word' id='word_1_142' title='bbox 1381 1959 1504 2029; x_wconf 78' lang='grc' dir='ltr'>ξένῳ</span> <span class='ocrx_word' id='word_1_143' title='bbox 1859 1963 1940 2014; x_wconf 90' lang='lat'>890</span> 
     </span>
     <span class='ocr_line' id='line_1_23' title="bbox 391 2043 1493 2112; baseline -0.004 -13"><span class='ocrx_word' id='word_1_144' title='bbox 391 2046 558 2112; x_wconf 81' lang='grc' dir='ltr'>λέξον·</span> <span class='ocrx_word' id='word_1_145' title='bbox 606 2052 771 2099; x_wconf 89' lang='grc' dir='ltr'>Καλεῖ</span> <span class='ocrx_word' id='word_1_146' title='bbox 797 2047 846 2098; x_wconf 89' lang='grc' dir='ltr'>σ’</span> <span class='ocrx_word' id='word_1_147' title='bbox 879 2046 1082 2098; x_wconf 84' lang='grc' dir='ltr'>ἄνασσα</span> <span class='ocrx_word' id='word_1_148' title='bbox 1111 2044 1170 2110; x_wconf 91' lang='grc' dir='ltr'>δή</span> <span class='ocrx_word' id='word_1_149' title='bbox 1200 2043 1309 2096; x_wconf 85' lang='grc' dir='ltr'>ποτ’</span> <span class='ocrx_word' id='word_1_150' title='bbox 1339 2043 1493 2095; x_wconf 88' lang='grc' dir='ltr'>Ἰλίου</span> 
     </span>
     <span class='ocr_line' id='line_1_24' title="bbox 389 2125 1558 2198; baseline -0.003 -14"><span class='ocrx_word' id='word_1_151' title='bbox 389 2131 602 2198; x_wconf 84' lang='grc' dir='ltr'>Ἑκάβη,</span> <span class='ocrx_word' id='word_1_152' title='bbox 637 2132 731 2184; x_wconf 85' lang='grc' dir='ltr'>σὸν</span> <span class='ocrx_word' id='word_1_153' title='bbox 764 2132 852 2183; x_wconf 87' lang='grc' dir='ltr'>οὐκ</span> <span class='ocrx_word' id='word_1_154' title='bbox 883 2132 1111 2183; x_wconf 86' lang='grc' dir='ltr'>ἔλασσον</span> <span class='ocrx_word' id='word_1_155' title='bbox 1140 2125 1169 2193; x_wconf 86' lang='grc' dir='ltr'>ἢ</span> <span class='ocrx_word' id='word_1_156' title='bbox 1204 2130 1367 2193; x_wconf 87' lang='grc' dir='ltr'>κείνης</span> <span class='ocrx_word' id='word_1_157' title='bbox 1395 2128 1558 2195; x_wconf 89' lang='grc' dir='ltr'>χρέος,</span> 
     </span>
     <span class='ocr_line' id='line_1_25' title="bbox 394 2212 1616 2279; baseline -0.003 -11"><span class='ocrx_word' id='word_1_158' title='bbox 394 2217 473 2269; x_wconf 88' lang='grc' dir='ltr'>καὶ</span> <span class='ocrx_word' id='word_1_159' title='bbox 504 2221 700 2271; x_wconf 89' lang='grc' dir='ltr'>παῖδας·</span> <span class='ocrx_word' id='word_1_160' title='bbox 747 2217 813 2270; x_wconf 86' lang='grc' dir='ltr'>ὦς</span> <span class='ocrx_word' id='word_1_161' title='bbox 843 2219 921 2267; x_wconf 90' lang='grc' dir='ltr'>δεῖ</span> <span class='ocrx_word' id='word_1_162' title='bbox 950 2216 1030 2267; x_wconf 87' lang='grc' dir='ltr'>καὶ</span> <span class='ocrx_word' id='word_1_163' title='bbox 1059 2213 1190 2266; x_wconf 87' lang='grc' dir='ltr'>τέκν’</span> <span class='ocrx_word' id='word_1_164' title='bbox 1223 2212 1404 2265; x_wconf 82' lang='grc' dir='ltr'>εἰδέναι</span> <span class='ocrx_word' id='word_1_165' title='bbox 1432 2213 1616 2279; x_wconf 81' lang='grc' dir='ltr'>λόγους</span> 
     </span>
     <span class='ocr_line' id='line_1_26' title="bbox 389 2299 1533 2367; baseline -0.005 -13"><span class='ocrx_word' id='word_1_166' title='bbox 389 2302 502 2355; x_wconf 85' lang='grc' dir='ltr'>τοὺς</span> <span class='ocrx_word' id='word_1_167' title='bbox 533 2301 593 2367; x_wconf 82' lang='grc' dir='ltr'>ἐξ</span> <span class='ocrx_word' id='word_1_168' title='bbox 618 2299 988 2366; x_wconf 78' lang='grc' dir='ltr'>ἐκείνης.-τὸν</span> <span class='ocrx_word' id='word_1_169' title='bbox 1019 2301 1073 2351; x_wconf 79' lang='grc' dir='ltr'>δὲ</span> <span class='ocrx_word' id='word_1_170' title='bbox 1102 2302 1189 2363; x_wconf 84' lang='grc' dir='ltr'>τῆς</span> <span class='ocrx_word' id='word_1_171' title='bbox 1220 2301 1533 2364; x_wconf 84' lang='grc' dir='ltr'>νεοσφαγοῦς</span> 
     </span>
     <span class='ocr_line' id='line_1_27' title="bbox 392 2379 1937 2452; baseline -0.005 -15"><span class='ocrx_word' id='word_1_172' title='bbox 392 2385 684 2451; x_wconf 82' lang='grc' dir='ltr'>Πολυξένης</span> <span class='ocrx_word' id='word_1_173' title='bbox 714 2386 941 2452; x_wconf 81' lang='grc' dir='ltr'>ἐπίσχες,</span> <span class='ocrx_word' id='word_1_174' title='bbox 974 2381 1309 2451; x_wconf 86' lang='grc' dir='ltr'>Ἀγάμεμνον,</span> <span class='ocrx_word' id='word_1_175' title='bbox 1341 2379 1521 2448; x_wconf 91' lang='grc' dir='ltr'>τάφον,</span> <span class='ocrx_word' id='word_1_176' title='bbox 1860 2383 1937 2435; x_wconf 88' lang='grc'>895</span> 
     </span>
     <span class='ocr_line' id='line_1_28' title="bbox 393 2466 1410 2537; baseline -0.007 -15"><span class='ocrx_word' id='word_1_177' title='bbox 393 2471 458 2525; x_wconf 82' lang='grc' dir='ltr'>ὡς</span> <span class='ocrx_word' id='word_1_178' title='bbox 488 2470 601 2521; x_wconf 84' lang='grc' dir='ltr'>τώδ’</span> <span class='ocrx_word' id='word_1_179' title='bbox 633 2471 839 2537; x_wconf 86' lang='grc' dir='ltr'>ἀδελφὼ</span> <span class='ocrx_word' id='word_1_180' title='bbox 870 2468 1090 2533; x_wconf 88' lang='grc' dir='ltr'>πλησίον</span> <span class='ocrx_word' id='word_1_181' title='bbox 1119 2468 1207 2536; x_wconf 73' lang='grc' dir='ltr'>μιᾷ</span> <span class='ocrx_word' id='word_1_182' title='bbox 1238 2466 1410 2533; x_wconf 91' lang='grc' dir='ltr'>φλογί,</span> 
     </span>
     <span class='ocr_line' id='line_1_29' title="bbox 392 2551 1486 2621; baseline -0.005 -15"><span class='ocrx_word' id='word_1_183' title='bbox 392 2554 544 2619; x_wconf 78' lang='grc' dir='ltr'>δισσὴ</span> <span class='ocrx_word' id='word_1_184' title='bbox 576 2553 788 2621; x_wconf 88' lang='grc' dir='ltr'>μέριμνα</span> <span class='ocrx_word' id='word_1_185' title='bbox 816 2553 977 2620; x_wconf 88' lang='grc' dir='ltr'>μητρί,</span> <span class='ocrx_word' id='word_1_186' title='bbox 1013 2554 1296 2619; x_wconf 89' lang='grc' dir='ltr'>κρυφθῆτον</span> <span class='ocrx_word' id='word_1_187' title='bbox 1326 2551 1486 2617; x_wconf 91' lang='grc' dir='ltr'>χθονί.</span> 
     </span>
    </p>
   </div>
   <div class='ocr_carea' id='block_1_3' title="bbox 266 2662 1941 3108">
    <p class='ocr_par' dir='ltr' id='par_1_3' title="bbox 266 2662 1941 3108">
     <span class='ocr_line' id='line_1_30' title="bbox 322 2662 1939 2725; baseline -0.006 -13"><span class='ocrx_word' id='word_1_188' title='bbox 322 2674 399 2723; x_wconf 83' lang='lat'>871</span> <span class='ocrx_word' id='word_1_189' title='bbox 434 2671 659 2725; x_wconf 83' lang='grc' dir='ltr'>συνδράμης</span> <span class='ocrx_word' id='word_1_190' title='bbox 681 2671 715 2709; x_wconf 89' lang='grc' dir='ltr'>Ρ</span> <span class='ocrx_word' id='word_1_191' title='bbox 882 2671 961 2719; x_wconf 88' lang='grc'>873</span> <span class='ocrx_word' id='word_1_192' title='bbox 993 2669 1147 2722; x_wconf 79' lang='grc' dir='ltr'>Θρῃκὸς</span> <span class='ocrx_word' id='word_1_193' title='bbox 1170 2666 1253 2717; x_wconf 72' lang='grc' dir='ltr'>οἶα]</span> <span class='ocrx_word' id='word_1_194' title='bbox 1277 2665 1341 2707; x_wconf 78' lang='grc' dir='ltr'>οῖα</span> <span class='ocrx_word' id='word_1_195' title='bbox 1359 2665 1438 2719; x_wconf 82' lang='grc' dir='ltr'>γάρ</span> <span class='ocrx_word' id='word_1_196' title='bbox 1457 2682 1524 2716; x_wconf 90' lang='grc' dir='ltr'>μοι</span> <span class='ocrx_word' id='word_1_197' title='bbox 1548 2664 1582 2703; x_wconf 93' lang='lat' dir='ltr'>L</span> <span class='ocrx_word' id='word_1_198' title='bbox 1750 2663 1830 2712; x_wconf 85' lang='lat'>878</span> <span class='ocrx_word' id='word_1_199' title='bbox 1860 2662 1939 2703; x_wconf 81' lang='grc' dir='ltr'>τίνι</span> 
     </span>
     <span class='ocr_line' id='line_1_31' title="bbox 269 2716 1940 2777; baseline -0.006 -10"><span class='ocrx_word' id='word_1_200' title='bbox 269 2727 310 2766; x_wconf 95' lang='grc' dir='ltr'><strong>Μ</strong></span> <span class='ocrx_word' id='word_1_201' title='bbox 330 2728 365 2766; x_wconf 93' lang='grc' dir='ltr'><strong>Β</strong></span> <span class='ocrx_word' id='word_1_202' title='bbox 531 2728 612 2776; x_wconf 92' lang='lat'>879</span> <span class='ocrx_word' id='word_1_203' title='bbox 641 2726 802 2777; x_wconf 80' lang='grc' dir='ltr'>ξύνεστι</span> <span class='ocrx_word' id='word_1_204' title='bbox 825 2725 867 2763; x_wconf 94' lang='grc' dir='ltr'>Μ</span> <span class='ocrx_word' id='word_1_205' title='bbox 887 2739 895 2763; x_wconf 88' lang='lat'>:</span> <span class='ocrx_word' id='word_1_206' title='bbox 927 2736 1037 2763; x_wconf 82' lang='lat' dir='ltr'>corr.</span> <span class='ocrx_word' id='word_1_207' title='bbox 1061 2721 1120 2761; x_wconf 83' lang='grc' dir='ltr'>Μ2</span> <span class='ocrx_word' id='word_1_208' title='bbox 1298 2721 1380 2759; x_wconf 89' lang='lat'>880</span> <span class='ocrx_word' id='word_1_209' title='bbox 1409 2717 1642 2761; x_wconf 82' lang='grc' dir='ltr'>κεκεύθουσ’</span> <span class='ocrx_word' id='word_1_210' title='bbox 1666 2716 1728 2757; x_wconf 87' lang='lat' dir='ltr'>P:</span> <span class='ocrx_word' id='word_1_211' title='bbox 1758 2716 1940 2758; x_wconf 77' lang='grc' dir='ltr'>κεύθουσ’</span> 
     </span>
     <span class='ocr_line' id='line_1_32' title="bbox 271 2770 1940 2826; baseline -0.007 -5"><span class='ocrx_word' id='word_1_212' title='bbox 271 2783 303 2821; x_wconf 89' lang='lat' dir='ltr'>L</span> <span class='ocrx_word' id='word_1_213' title='bbox 323 2796 332 2821; x_wconf 93' lang='lat'><strong>:</strong></span> <span class='ocrx_word' id='word_1_214' title='bbox 361 2794 470 2821; x_wconf 84' lang='lat' dir='ltr'><strong>corr.</strong></span> <span class='ocrx_word' id='word_1_215' title='bbox 494 2781 512 2819; x_wconf 92' lang='lat' dir='ltr'><em>l</em></span> <span class='ocrx_word' id='word_1_216' title='bbox 638 2779 713 2820; x_wconf 73' lang='grc' dir='ltr'>ὧδε</span> <span class='ocrx_word' id='word_1_217' title='bbox 735 2779 769 2817; x_wconf 91' lang='grc' dir='ltr'>Ρ</span> <span class='ocrx_word' id='word_1_218' title='bbox 963 2779 1041 2816; x_wconf 89' lang='lat'>881</span> <span class='ocrx_word' id='word_1_219' title='bbox 1076 2778 1188 2818; x_wconf 79' lang='grc' dir='ltr'>εἶπας</span> <span class='ocrx_word' id='word_1_220' title='bbox 1209 2789 1290 2814; x_wconf 89' lang='lat' dir='ltr'>om.</span> <span class='ocrx_word' id='word_1_221' title='bbox 1315 2774 1356 2812; x_wconf 90' lang='lat' dir='ltr'><strong>A</strong></span> <span class='ocrx_word' id='word_1_222' title='bbox 1497 2775 1622 2826; x_wconf 78' lang='grc' dir='ltr'>ἄγρας</span> <span class='ocrx_word' id='word_1_223' title='bbox 1644 2771 1685 2810; x_wconf 96' lang='grc' dir='ltr'><strong>Μ</strong></span> <span class='ocrx_word' id='word_1_224' title='bbox 1710 2785 1720 2810; x_wconf 86' lang='lat'>:</span> <span class='ocrx_word' id='word_1_225' title='bbox 1750 2784 1856 2811; x_wconf 85' lang='lat' dir='ltr'><strong>corr.</strong></span> <span class='ocrx_word' id='word_1_226' title='bbox 1882 2770 1940 2809; x_wconf 85' lang='lat' dir='ltr'>M²</span> 
     </span>
     <span class='ocr_line' id='line_1_33' title="bbox 268 2827 1940 2886; baseline -0.005 -11"><span class='ocrx_word' id='word_1_227' title='bbox 268 2837 348 2886; x_wconf 88' lang='lat'>885</span> <span class='ocrx_word' id='word_1_228' title='bbox 379 2835 518 2877; x_wconf 86' lang='grc' dir='ltr'>σθένος</span> <span class='ocrx_word' id='word_1_229' title='bbox 536 2835 562 2883; x_wconf 91' lang='lat' dir='ltr'>J</span> <span class='ocrx_word' id='word_1_230' title='bbox 567 2847 678 2873; x_wconf 86' lang='lat' dir='ltr'>enne</span> <span class='ocrx_word' id='word_1_231' title='bbox 855 2834 937 2871; x_wconf 90' lang='lat'>888</span> <span class='ocrx_word' id='word_1_232' title='bbox 965 2830 1157 2884; x_wconf 70' lang='grc' dir='ltr'>’γενέσθαι</span> <span class='ocrx_word' id='word_1_233' title='bbox 1180 2830 1213 2868; x_wconf 94' lang='lat' dir='ltr'>L</span> <span class='ocrx_word' id='word_1_234' title='bbox 1231 2830 1264 2868; x_wconf 89' lang='lat' dir='ltr'>P</span> <span class='ocrx_word' id='word_1_235' title='bbox 1282 2829 1331 2867; x_wconf 86' lang='lat' dir='ltr'>B²</span> <span class='ocrx_word' id='word_1_236' title='bbox 1355 2831 1424 2880; x_wconf 80' lang='grc' dir='ltr'>(ὣς</span> <span class='ocrx_word' id='word_1_237' title='bbox 1447 2829 1480 2867; x_wconf 87' lang='lat' dir='ltr'><strong>L</strong></span> <span class='ocrx_word' id='word_1_238' title='bbox 1497 2828 1531 2866; x_wconf 91' lang='lat' dir='ltr'>P</span> <span class='ocrx_word' id='word_1_239' title='bbox 1546 2828 1600 2878; x_wconf 87' lang='lat' dir='ltr'>B)</span> <span class='ocrx_word' id='word_1_240' title='bbox 1728 2827 1810 2875; x_wconf 89' lang='lat'>890</span> <span class='ocrx_word' id='word_1_241' title='bbox 1838 2835 1940 2867; x_wconf 87' lang='grc' dir='ltr'>πλα-</span> 
     </span>
     <span class='ocr_line' id='line_1_34' title="bbox 270 2881 1941 2937; baseline -0.006 -7"><span class='ocrx_word' id='word_1_242' title='bbox 270 2894 386 2932; x_wconf 83' lang='grc' dir='ltr'>θεῖσα</span> <span class='ocrx_word' id='word_1_243' title='bbox 415 2890 458 2928; x_wconf 93' lang='grc' dir='ltr'>Μ</span> <span class='ocrx_word' id='word_1_244' title='bbox 475 2890 510 2928; x_wconf 93' lang='grc' dir='ltr'>Β</span> <span class='ocrx_word' id='word_1_245' title='bbox 529 2890 586 2928; x_wconf 88' lang='lat' dir='ltr'>P:</span> <span class='ocrx_word' id='word_1_246' title='bbox 618 2892 850 2930; x_wconf 83' lang='grc' dir='ltr'>πλασθεῖσα</span> <span class='ocrx_word' id='word_1_247' title='bbox 879 2887 919 2925; x_wconf 92' lang='grc' dir='ltr'>Α</span> <span class='ocrx_word' id='word_1_248' title='bbox 936 2887 1030 2925; x_wconf 90' lang='lat' dir='ltr'>Lb:</span> <span class='ocrx_word' id='word_1_249' title='bbox 1075 2887 1344 2937; x_wconf 82' lang='grc' dir='ltr'>πλαγχθεῖσα</span> <span class='ocrx_word' id='word_1_250' title='bbox 1375 2882 1436 2921; x_wconf 82' lang='lat' dir='ltr'>M2</span> <span class='ocrx_word' id='word_1_251' title='bbox 1614 2882 1692 2932; x_wconf 90' lang='lat'>891</span> <span class='ocrx_word' id='word_1_252' title='bbox 1724 2881 1818 2934; x_wconf 82' lang='grc' dir='ltr'>πρίν</span> <span class='ocrx_word' id='word_1_253' title='bbox 1851 2882 1941 2920; x_wconf 79' lang='grc' dir='ltr'>ποτ’</span> 
     </span>
     <span class='ocr_line' id='line_1_35' title="bbox 266 2933 1940 2998; baseline -0.006 -14"><span class='ocrx_word' id='word_1_254' title='bbox 266 2945 462 2998; x_wconf 34' lang='grc' dir='ltr'>γ,ΕῘΠΙΒΙΕΥ</span> <span class='ocrx_word' id='word_1_255' title='bbox 646 2945 727 2993; x_wconf 82' lang='grc'>894</span> <span class='ocrx_word' id='word_1_256' title='bbox 758 2943 912 2983; x_wconf 85' lang='grc' dir='ltr'>ἐκείνου</span> <span class='ocrx_word' id='word_1_257' title='bbox 934 2941 974 2979; x_wconf 89' lang='grc' dir='ltr'>Μ</span> <span class='ocrx_word' id='word_1_258' title='bbox 994 2941 1030 2979; x_wconf 90' lang='grc' dir='ltr'>Β</span> <span class='ocrx_word' id='word_1_259' title='bbox 1045 2940 1107 2978; x_wconf 89' lang='lat' dir='ltr'>O:</span> <span class='ocrx_word' id='word_1_260' title='bbox 1139 2951 1247 2977; x_wconf 84' lang='lat' dir='ltr'>corr.</span> <span class='ocrx_word' id='word_1_261' title='bbox 1271 2937 1324 2976; x_wconf 86' lang='lat' dir='ltr'>B²</span> <span class='ocrx_word' id='word_1_262' title='bbox 1516 2937 1595 2985; x_wconf 89' lang='lat'>897</span> <span class='ocrx_word' id='word_1_263' title='bbox 1627 2936 1751 2984; x_wconf 72' lang='grc' dir='ltr'>δισσὴ</span> <span class='ocrx_word' id='word_1_264' title='bbox 1770 2933 1940 2988; x_wconf 83' lang='grc' dir='ltr'>μέριμνα</span> 
     </span>
     <span class='ocr_line' id='line_1_36' title="bbox 272 2989 1939 3050; baseline -0.005 -12"><span class='ocrx_word' id='word_1_265' title='bbox 272 3000 364 3039; x_wconf 87' lang='lat' dir='ltr'>MP</span> <span class='ocrx_word' id='word_1_266' title='bbox 377 2998 425 3038; x_wconf 84' lang='lat' dir='ltr'>F²</span> <span class='ocrx_word' id='word_1_267' title='bbox 444 3000 591 3049; x_wconf 80' lang='grc' dir='ltr'>(δισσὼ</span> <span class='ocrx_word' id='word_1_268' title='bbox 613 2997 672 3036; x_wconf 83' lang='grc' dir='ltr'>Μ2</span> <span class='ocrx_word' id='word_1_269' title='bbox 687 2998 719 3036; x_wconf 83' lang='lat' dir='ltr'>F</span> <span class='ocrx_word' id='word_1_270' title='bbox 722 3001 736 3048; x_wconf 92' lang='lat'><em>)</em></span> <span class='ocrx_word' id='word_1_271' title='bbox 755 3012 763 3036; x_wconf 90' lang='lat'>:</span> <span class='ocrx_word' id='word_1_272' title='bbox 795 2999 917 3050; x_wconf 81' lang='grc' dir='ltr'>δισσῇ</span> <span class='ocrx_word' id='word_1_273' title='bbox 937 2995 1105 3049; x_wconf 84' lang='grc' dir='ltr'>μερίμνῃ</span> <span class='ocrx_word' id='word_1_274' title='bbox 1127 2993 1167 3031; x_wconf 88' lang='grc' dir='ltr'><strong>Α</strong></span> <span class='ocrx_word' id='word_1_275' title='bbox 1181 2992 1215 3030; x_wconf 92' lang='grc' dir='ltr'><em>Β</em></span> <span class='ocrx_word' id='word_1_276' title='bbox 1232 2992 1270 3030; x_wconf 93' lang='grc' dir='ltr'>Ο</span> <span class='ocrx_word' id='word_1_277' title='bbox 1286 2997 1317 3035; x_wconf 83' lang='grc' dir='ltr'>Σ</span> <span class='ocrx_word' id='word_1_278' title='bbox 1335 3005 1344 3029; x_wconf 90' lang='lat'><strong>:</strong></span> <span class='ocrx_word' id='word_1_279' title='bbox 1375 2993 1498 3039; x_wconf 89' lang='grc' dir='ltr'>δισσῆ</span> <span class='ocrx_word' id='word_1_280' title='bbox 1517 2990 1689 3044; x_wconf 81' lang='grc' dir='ltr'>μερίμνα</span> <span class='ocrx_word' id='word_1_281' title='bbox 1710 2989 1743 3028; x_wconf 93' lang='lat' dir='ltr'>L</span> <span class='ocrx_word' id='word_1_282' title='bbox 1763 3005 1772 3029; x_wconf 73' lang='grc' dir='ltr'>ε</span> <span class='ocrx_word' id='word_1_283' title='bbox 1803 2990 1939 3030; x_wconf 78' lang='grc' dir='ltr'>δισσαὶ</span> 
     </span>
     <span class='ocr_line' id='line_1_37' title="bbox 270 3052 754 3108; baseline -0.014 -11"><span class='ocrx_word' id='word_1_284' title='bbox 270 3053 454 3108; x_wconf 83' lang='grc' dir='ltr'>μέριμναι</span> <span class='ocrx_word' id='word_1_285' title='bbox 476 3052 527 3090; x_wconf 83' lang='grc' dir='ltr'>Β2</span> <span class='ocrx_word' id='word_1_286' title='bbox 547 3066 601 3091; x_wconf 88' lang='lat' dir='ltr'>ex</span> <span class='ocrx_word' id='word_1_287' title='bbox 621 3058 652 3096; x_wconf 83' lang='grc' dir='ltr'>Σ</span> <span class='ocrx_word' id='word_1_288' title='bbox 673 3053 754 3091; x_wconf 82' lang='lat' dir='ltr'>alio</span> 
     </span>
    </p>
   </div>
  </div>
 </body>
</html>
