2118 3366
10 3266 54 3366 ΐέἳέκ·

711 113 1204 162 ΗΡΑΚΛΕΙΔΑΙ

147 280 223 291 ·——
249 244 551 314 παραινέσαι
581 261 664 296 σοι
696 243 922 311 σμικρόν,
957 242 1229 309 Ἀλκμήνη,
1263 243 1411 303 θέλω,

246 330 335 382 τὸν
365 328 501 396 ἄνδρ’
531 329 735 395 ἀφεῖναι
766 326 915 385 τόνδ’,
950 327 1058 379 ἐπεὶ
1089 330 1225 378 δοκεῖ
1253 328 1415 379 πόλει.

123 418 219 466 Αλ.
255 415 308 465 τί
332 413 391 472 δ’,
425 408 485 477 ἢν
516 411 641 483 θάνῃ
671 433 727 463 τε
759 411 838 462 καὶ
869 411 1016 462 πόλει
1047 410 1328 475 πιθώμεθα,·
1690 429 1800 460 1020

149 530 223 539 --
252 500 314 549 τὰ
342 495 502 566 λῷστ’
533 495 595 547 ἂν
627 498 719 559 εἴη·
765 499 870 548 πῶς
900 493 1006 545 τάδ’
1040 495 1127 545 οὖν
1156 493 1451 561 γενήσεται,·

124 585 219 633 Αλ.
255 581 351 648 ἐγὼ
383 578 563 644 διδάξω
593 579 788 648 ῥᾳδίως·
836 582 1084 630 κτανοῦσα
1114 580 1209 645 γὰρ

249 663 384 716 τόνδ’
417 664 523 716 εἶτα
556 662 732 730 νεκρὸν
762 666 867 716 τοῖς
895 665 1226 728 μετελθοῦσιν
1257 663 1426 729 φίλων

250 748 413 799 δώσω·
459 747 517 799 τὸ
546 749 641 815 γὰρ
675 746 803 812 σῶμ’
835 746 921 798 οὐκ
952 744 1216 810 ἀπιστήσω
1247 747 1410 814 χθονί,

251 832 393 886 οὗτος
424 834 477 883 δὲ
507 831 660 883 δώσει
690 830 782 895 τὴν
813 831 952 895 δίκην
985 832 1149 882 θανὼν
1181 831 1307 896 ἐμοί.
1689 848 1798 888 1025

128 920 213 969 Ευ.
248 906 504 975 κτεῖν’,οὐ
534 915 868 982 παραιτοῦμαί
896 936 972 966 σε·
1018 912 1166 978 τήνδε
1196 917 1249 965 δὲ
1281 915 1477 974 πτόλιν,

250 1001 364 1052 ἐπεί
388 999 438 1065 μ’
470 1000 635 1066 ἆφῆκε
666 999 745 1050 καὶ
778 997 1057 1070 κατῃδέσθη
1091 1003 1304 1057 κτανεῖν,

250 1088 461 1152 χρησμῷ
493 1088 690 1153 παλαιῷ
722 1081 908 1147 Λοξίου
939 1081 1242 1149 δωρήσομαι,

251 1166 306 1222 ὃς
337 1165 597 1233 ὠφελήσει
625 1166 809 1232 μείζον’
840 1162 870 1230 ἢ
901 1170 1065 1218 δοκεῖν
1093 1167 1276 1236 χρόνῳ.

251 1252 467 1303 θανόντα
498 1249 592 1318 γάρ
622 1272 686 1316 με
717 1249 899 1317 θάψεθ’
931 1250 987 1301 οὗ
1018 1250 1075 1301 τὸ
1103 1252 1368 1317 μόρσιμον,
1695 1268 1801 1309 1030

253 1337 362 1389 δίας
391 1333 601 1402 πάροιθε
630 1333 879 1401 παρθένου
911 1335 1250 1399 Παλληνίδος·

254 1419 332 1470 καὶ
364 1420 448 1471 σοὶ
477 1421 571 1484 μὲν
603 1419 771 1472 εὔνους
802 1419 883 1470 καὶ
913 1419 1060 1470 πόλει
1093 1417 1337 1485 σωτήριος

250 1502 480 1568 μέτοικος
510 1503 607 1555 αἰεὶ
638 1503 868 1568 κείσομαι
901 1505 1020 1553 κατὰ
1050 1503 1249 1570 χθονός,

251 1592 355 1641 τοῖς
384 1590 538 1639 τῶνδε
569 1586 611 1638 δ’
642 1588 897 1654 ἐκγόνοισι
927 1587 1316 1652 πολεμιώτατος,

251 1672 371 1723 ὅταν
400 1672 601 1737 μόλωσι
632 1674 775 1739 δεῦρο
808 1671 902 1723 σὺν
933 1677 1102 1744 πολλῇ
1132 1673 1243 1739 χερὶ
1615 1685 1617 1687 ·
1692 1689 1800 1730 1035

249 1754 398 1824 χάριν
429 1756 699 1823 προδόντες
728 1754 890 1820 τήνδε.
976 1755 1216 1807 τοιούτων
1246 1754 1403 1820 ξένων

251 1839 549 1907 προύστητε.
639 1844 742 1893 πῶς
773 1839 858 1891 οῦν
888 1839 1022 1890 ταῦτ’
1053 1840 1151 1907 ἐγὼ
1182 1839 1499 1905 πεπυσμένος

251 1923 380 1991 δεῦρ’
410 1922 584 1989 ἦλθον,
619 1923 735 1976 ἀλλ’
767 1924 823 1976 οὗ
853 1923 1084 1992 χρησμὸν
1113 1924 1303 1991 ἠρόμην
1334 1927 1470 1984 θεοῦ,·

241 2005 411 2075 ‘'Hpav
440 2008 654 2074 νομίζων
684 2006 955 2075 θεσφάτων
986 2009 1205 2074 κρείσσω
1236 2008 1365 2060 πολὺ

253 2092 369 2144 κούκ
399 2092 461 2145 ἂν
491 2093 762 2159 προδοῦναί
786 2092 853 2158 μ’.
943 2093 1077 2143 ἀλλὰ
1105 2091 1229 2158 μήτε
1259 2114 1344 2158 μοι
1373 2094 1499 2160 χοὰς
1694 2109 1803 2149 1040

250 2175 366 2242 μήθ’
398 2176 500 2242 αἷμ’
532 2175 687 2249 ἐάσῃς
719 2178 789 2230 εἷς
820 2175 939 2242 ἐμὸν
971 2175 1150 2241 στάξαι
1181 2178 1351 2229 τόπον.

253 2260 403 2313 κακὸν
434 2263 530 2329 γὰρ
559 2261 725 2314 αὐτοῖς
756 2261 941 2312 νόστον
972 2261 1081 2313 ἀντὶ
1112 2260 1254 2312 τῶνδ’
1289 2261 1386 2327 ἐγὼ

251 2345 416 2397 δώσω·
463 2349 670 2398 διπλοῦν
702 2347 756 2397 δὲ
788 2344 957 2412 κέρδος
988 2343 1113 2409 ἕξετ’
1147 2344 1204 2410 ἐξ
1230 2347 1363 2411 ἐμοῦ,

185 2464 302 2514 1018,
341 2475 446 2513 1019
476 2462 594 2502 Nihil
615 2464 754 2502 adhue
776 2463 936 2502 dictum
954 2463 1007 2501 de
1025 2461 1236 2513 reddendo,
1258 2476 1339 2501 nec
1355 2463 1565 2513 quadrant
1580 2477 1645 2504 vv.
1671 2476 1802 2503 1020-

128 2530 233 2568 1025
249 2530 345 2557 cum
360 2531 428 2558 vv.
446 2520 651 2568 961-972.
712 2517 926 2556 Lacunam
948 2517 1072 2567 posui
1094 2522 1137 2555 et
1153 2530 1218 2557 vv.
1245 2518 1362 2565 1018,
1384 2531 1484 2557 1021
1509 2519 1802 2568 paragraphus

127 2572 339 2623 praefixi:
367 2572 551 2612 fortasse
577 2573 718 2612 attulit
744 2572 909 2611 interea
937 2584 1076 2611 novus
1098 2572 1286 2611 Nuntius
1314 2578 1476 2611 certum
1499 2572 1628 2612 Urbis
1656 2574 1804 2612 decre-

125 2633 215 2667 tum
247 2626 406 2667 reddere
431 2627 712 2678 Eurystheum
742 2627 896 2665 iubens
1080 2627 1182 2665 1018
1216 2634 1311 2680 Χορ.
1342 2627 1473 2677 praef.
1507 2627 1616 2666 LP:
1645 2628 1671 2677 ἢ
1702 2629 1800 2681 ἅγγ.

125 2682 242 2721 addit
260 2682 303 2720 in
322 2682 356 2721 L
371 2682 454 2721 alia
468 2695 618 2721 manus
638 2683 716 2721 sed
733 2683 886 2721 eodem
902 2686 1142 2721 atramento
1276 2695 1381 2722 1020
1411 2684 1459 2723 ἂν
1476 2711 1485 2721 .
1507 2712 1517 2722 .
1543 2711 1553 2722 .
1578 2684 1803 2733 πειθώμεθα

127 2736 238 2776 LP:
280 2749 388 2776 corr.
424 2737 618 2788 Elmsley
814 2749 915 2774 1021
939 2753 1029 2790 χορ.
1063 2736 1193 2786 praef.
1227 2736 1309 2775 LP
1535 2738 1640 2776 1026
1677 2737 1801 2785 τήνδε

126 2790 171 2832 δὲ
202 2790 353 2833 πτόλιν
383 2791 601 2842 Elmsley:
643 2793 722 2838 τὴν
752 2791 796 2832 δὲ
826 2793 874 2840 δὴ
910 2791 1034 2832 πόλιν
1063 2791 1145 2829 LP
1315 2804 1420 2841 1030
1458 2791 1595 2844 θάψαθ’
1628 2792 1801 2830 Dobree

129 2857 232 2896 1032
281 2847 346 2887 καὶ
386 2846 470 2897 σοὶ]
511 2849 638 2898 χὺμῖν
678 2845 929 2884 Kirchhoff:
978 2846 1054 2884 sed
1102 2845 1404 2896 Coryphaeum
1445 2859 1522 2885 rex
1561 2846 1801 2896 adloquitur

130 2900 235 2950 1038
253 2899 408 2951 ἡζόμην
420 2901 558 2940 Cobet
668 2913 775 2951 1039
796 2899 965 2952 νομίζων
979 2899 1162 2939 Barnes:
1186 2900 1331 2952 νομίζω
1344 2901 1419 2938 LP
1531 2913 1631 2950 1041
1658 2901 1792 2951 ἐάσητ’

127 2954 287 2994 Reiske
397 2954 529 3007 τάφον
550 2956 695 2995 Heath
