2118 3366
946 81 1385 129 ΕΥΡΙΠΙΔΟΥ

381 272 383 274 ¹
452 206 661 274 ἄκρατος
691 209 809 262 ἐλθὲ
838 209 949 275 θηρὶ
978 214 1045 278 τῷ
1074 212 1351 278 θεοστυγεῖ,

453 290 534 343 καὶ
563 291 631 356 μὴ
661 290 735 344 ’πὶ
765 294 1089 345 καλλίστοισι
1118 297 1360 360 Τρωικοῖς
1390 294 1563 348 πόνοις

452 374 604 426 αὐτόν
631 396 685 426 τε
712 371 942 442 ναύ<τα>ς
969 375 1013 428 τ’
1044 377 1322 442 ἆπολέσητ’
1352 377 1615 430 Ὀδυσσέα

451 457 532 510 ὑπ’
564 459 755 524 ἀνδρός,
788 457 827 530 ᾧ
864 447 992 512 θεῶν
1017 459 1164 512 οὐδὲν
1192 457 1222 525 ἢ
1253 466 1453 528 βροτῶν
1478 460 1640 529 μέλει.

450 537 481 606 ἢ
512 541 602 606 τὴν
631 542 788 610 τύχην
816 545 908 608 μὲν
939 543 1131 609 δαίμον’
1160 544 1396 612 ἡγεῖσθαι
1426 545 1608 613 χρεών,

441 627 502 677 τὰ
532 626 781 692 δαιμόνων
810 629 863 679 δὲ
891 630 978 692 τῆς
1009 628 1162 696 τύχης
1194 627 1472 681 ἐλάσσονα.

323 754 415 804 Χο.
698 750 920 820 λήψεται
971 753 1059 805 τὸν
1087 752 1342 822 τράχηλον

702 837 911 890 ἐντόνως
941 837 968 888 ὁ
999 838 1224 904 καρκίνος

532 925 617 971 τοῦ
646 917 1068 986 ξενοδαιτυμόνος·
1115 922 1229 989 πυρὶ
1259 923 1355 989 γὰρ
1383 921 1515 991 τάχα

701 1005 1010 1072 φωσφόρους
1040 1007 1154 1058 ὀλεῖ
1183 1007 1344 1074 κόρας.

870 1088 960 1154 ἤδη

703 1172 855 1228 δαλὸς
885 1173 1263 1239 ἠνθρακωμένος

533 1257 795 1324 κρύπτεται
824 1259 876 1311 ἐς
905 1257 1135 1317 σποδιάν,
1169 1258 1312 1326 δρυὸς
1342 1257 1564 1312 ἄσπετον

699 1336 857 1409 ἔρνος·
904 1341 1020 1394 ἀλλ’
1051 1344 1139 1394 ἵτω
1172 1341 1379 1410 Μάρων·

869 1424 1162 1492 πρασσέτω·

532 1507 833 1574 μαινομένου
862 1509 1063 1575 ’ξελέτω
1095 1509 1361 1578 βλέφαρον
1392 1511 1491 1563 Κύ-

702 1600 914 1654 κλωπος,
950 1594 1015 1648 ὡς
1042 1596 1131 1667 πίῃ
1165 1601 1338 1650 κακῶς.

871 1679 1004 1745 κάγὼ

531 1760 618 1814 τὸν
649 1763 1088 1830 φιλοκισσοφόρον
1118 1764 1335 1831 Βρόμιον
1366 1784 1455 1815 πο-

696 1846 861 1899 θεινὸν
891 1848 1097 1899 εἰσιδεῖν
1125 1847 1273 1908 θέλω,

870 1930 1074 1983 Κύκλω-

703 2037 795 2069 πος
822 2016 985 2067 λιπὼν
1019 2016 1239 2083 ἐρημίαν·

701 2099 777 2165 ἆρ’
807 2101 859 2154 ἐς
888 2099 1086 2152 τοσόνδ’
1117 2099 1385 2168 ἆφίξομαι;

324 2224 414 2274 Οδ.
449 2226 627 2289 σιγᾶτε
657 2223 780 2291 πρὸς
809 2228 951 2285 θεῶν,
984 2227 1145 2292 θῆρες,
1178 2224 1470 2293 ἡσυχάζετε,

452 2306 715 2361 συνθέντες
745 2307 902 2376 ἄρθρα
932 2310 1197 2374 στόματος·
1243 2309 1356 2361 οὐδὲ
1386 2311 1527 2361 πνεῖν
1559 2307 1639 2366 ἐῶ,
1677 2365 1680 2368 ,

395 2398 397 2400 ’
454 2390 512 2442 οὗ
541 2391 950 2458 σκαρδαμύσσειν
981 2394 1094 2445 οὐδὲ
1122 2392 1474 2461 χρέμπτεσθαί
1498 2413 1623 2450 τινα,

452 2474 518 2529 ὣς
544 2475 610 2541 μὴ
642 2474 864 2549 ’ξεγερθῇ
895 2476 952 2529 τὸ
984 2477 1149 2537 κακόν,
1183 2477 1290 2529 ἔστ’
1323 2476 1384 2529 ἂν
1413 2478 1629 2542 ὄμματος

450 2561 574 2626 ὄψις
603 2560 877 2615 Κύκλωπος
907 2559 1214 2634 ἐξαμιλληθῇ
1244 2562 1376 2628 πυρί.

326 2645 415 2695 Χο.
452 2648 671 2710 σιγῶμεν
702 2644 1017 2712 ἐγκάψαντες
1047 2644 1220 2713 αἰθέρα
1247 2644 1466 2712 γνάθοις.

1911 465 1997 516 605

1917 924 2001 965 610

1922 1260 2002 1312 615

1917 1767 2001 1808 620

1915 2310 1999 2363 625

375 2760 459 2808 604
490 2763 581 2801 ναῦς
597 2761 630 2799 L
644 2760 678 2800 P
696 2774 707 2800 :
735 2772 844 2801 corr.
864 2761 882 2799 l
892 2775 901 2802 z
932 2763 1091 2802 αὐτοῖσι
1105 2760 1266 2803 ναύταις
1283 2761 1463 2800 Pierson
1592 2760 1674 2808 605
1704 2756 1769 2800 ὕπ’
1787 2755 1846 2800 L:
1877 2755 1943 2801 ἀπ’
1961 2760 1998 2799 Ρ

321 2814 368 2866 ἢ]
384 2817 430 2855 οὐ
443 2813 667 2855 Hermann
788 2817 873 2854 610
901 2816 1023 2867 ξένων
1035 2816 1272 2867 δαιτυμόνος
1294 2816 1392 2855 LP:
1417 2826 1524 2855 corr.
1547 2813 1773 2854 Hermann

1896 2816 1992 2865 616,

321 2871 402 2918 617
441 2869 677 2920 μαινόμενος
706 2869 879 2923 ἐξελέτω
903 2870 937 2909 L
953 2870 1016 2909 P:
1045 2883 1150 2911 corr.
1177 2871 1403 2911 Hermann
1601 2870 1686 2909 626
1721 2869 1994 2933 χρίμπτεσθαι

323 2923 358 2963 L
376 2923 439 2963 P:
467 2936 572 2964 corr.
600 2924 651 2963 1st
