2118 3366
923 133 1364 183 ΕΥΡΙΠΙΔΟΥ

602 261 864 328 ἐξέλειπον
894 263 1057 316 οἴκους
1873 281 1981 322 1040

433 346 556 414 πρὸς
586 346 747 399 ἄλλον
778 345 1012 414 εὖνάτορ’.
1101 345 1216 414 οὐχὶ
1246 346 1331 398 σοὶ
1360 346 1490 415 μόνᾳ

432 431 716 498 δύσφρονες
747 430 1013 489 ἐπέπεσον,
1046 429 1103 482 οὗ
1136 422 1355 497 φίλοισι,
1386 435 1557 483 λῦπαι·

431 515 586 567 νόσον
615 513 806 568 Ἑλλὰς
837 514 974 573 ἔτλα,
1009 515 1178 566 νόσον·
1225 514 1374 580 διέβα
1403 517 1457 567 δὲ
1488 518 1701 584 Φρυγῶν

602 600 681 651 καὶ
711 598 833 666 πρὸς
865 597 1136 665 εὐκάρπους
1165 598 1287 665 γύας
1873 614 1979 656 1045

517 682 736 748 σκηπτὸς
768 682 1076 735 σταλάσσων
1108 678 1239 750 (τὸν)
1261 680 1413 734 ι’Ἀιδα
1443 683 1620 750 φόνον.

306 833 405 895 Πη.
433 830 704 883 Φθιώτιδες
734 834 978 897 γυναῖκες,
1013 831 1298 896 ἱστοροῦντί
1321 850 1407 895 μοι

431 913 690 979 σημήνατ’·
735 913 963 986 ᾐσθόμην
993 915 1088 980 γὰρ
1121 913 1177 964 οὐ
1208 916 1349 979 σαφῆ
1380 913 1538 980 λόγον

430 998 494 1051 ὡς
526 997 707 1063 δώματ’
739 1000 1013 1050 ἐκλιποῦσα
1046 996 1286 1048 Μενέλεω
1319 997 1438 1063 κόρη

428 1083 617 1149 φρούδη
650 1081 773 1133 τάδ’·
819 1082 920 1146 ἥκω
952 1081 992 1132 δ’
1024 1083 1256 1146 ἐκμαθεῖν
1289 1080 1514 1145 σπουδὴν
1544 1079 1678 1148 ἔχων
1869 1098 1978 1138 1050

429 1168 472 1218 εἶ
503 1165 637 1217 ταῦτ’
669 1167 849 1230 ἀληθῆ·
896 1170 996 1216 τῶν
1027 1167 1122 1231 γὰρ
1156 1163 1378 1229 ἐκδήμων
1409 1165 1575 1231 φίλων

425 1254 502 1301 δεῖ
526 1249 641 1303 τοὺς
673 1249 776 1301 κατ’
807 1249 943 1301 οἶκον
975 1251 1121 1301 ὄντας
1153 1250 1380 1300 ἐκπονεῖν
1409 1249 1579 1316 τύχας.

299 1338 389 1386 Χο.
426 1338 614 1398 Πηλεῦ,
649 1339 828 1401 σαφῶς
858 1332 1091 1398 ἤκουσας·
1140 1331 1238 1384 οὐδ’
1270 1333 1378 1396 ἐμοὶ
1411 1331 1565 1383 καλὸν

427 1418 656 1484 κρύπτειν
689 1420 742 1469 ἐν
774 1419 847 1485 οῖς
878 1422 1107 1483 παροῦσα
1137 1415 1367 1485 τυγχάνω
1400 1420 1582 1469 κακοῖς·

424 1504 670 1566 βασίλεια
699 1504 794 1569 γὰρ
824 1501 967 1553 τῶνδ’
1001 1503 1193 1569 οἴχεται
1225 1502 1386 1567 φυγὰς
1419 1501 1598 1564 δόμων.
1869 1517 1973 1557 1055

297 1590 395 1651 Πη.
423 1588 556 1639 τίνος
588 1588 759 1654 φόβου
788 1590 1035 1654 τυχοῦσα,·
1084 1583 1367 1651 διαπέραινέ
1394 1605 1495 1649 μοι.

295 1674 388 1722 Χο.
423 1671 576 1722 πόσιν
612 1670 879 1737 τρέμουσα,
914 1669 979 1734 μὴ
1012 1670 1177 1735 δόμων
1208 1690 1285 1720 νιν
1318 1667 1530 1739 ἐκβάλῃ.

296 1758 393 1819 Πη.
419 1760 525 1819 μῶν
557 1756 666 1807 ἀντὶ
697 1753 871 1807 παιδὸς
906 1755 1197 1818 θανασίμων
1225 1752 1609 1818 βουλευμάτων,·

294 1842 385 1890 Χο.
417 1839 513 1897 ναί,
550 1839 627 1890 καὶ
658 1837 889 1905 γυναικὸς
922 1838 1292 1905 αἷχμαλωτίδος
1324 1837 1490 1906 φόβῳ.

295 1925 392 1987 Πη.
421 1922 515 1974 σὺν
546 1924 694 1989 πατρὶ
726 1922 766 1974 δ’
798 1924 961 1975 οἴκους
993 1917 1023 1986 ἢ
1054 1922 1188 1974 τίνος
1217 1922 1382 1973 λείπει
1411 1920 1561 1986 μέτα;
1859 1926 1970 1968 1060

292 2009 383 2058 Xo.
415 2006 786 2074 Ἀγαμέμνονός
816 2028 893 2058 νιν
926 2011 1041 2059 παῖς
1072 2005 1257 2071 βέβηκ’
1288 2004 1424 2072 ἄγων
1454 2005 1654 2073 χθονός.

291 2093 390 2155 Πη.
418 2093 565 2142 ποίαν
596 2092 844 2158 περαίνων
879 2090 1063 2150 ἐλπίδ’,·
1111 2089 1143 2154 ἧ
1172 2092 1326 2157 γῆμαι
1358 2088 1543 2149 θέλων,·

288 2179 382 2226 Χο.
417 2176 495 2227 καὶ
528 2180 600 2244 σῷ
633 2197 691 2241 γε
721 2174 895 2228 παιδὸς
930 2174 1067 2226 παιδὶ
1102 2174 1367 2241 πορσύνων
1396 2174 1564 2240 μόρον.

289 2263 389 2323 Πη.
416 2259 625 2326 κρυπτὸς
658 2261 909 2312 καταστὰς
942 2254 973 2322 ἢ
1005 2258 1107 2310 κατ’
1140 2257 1253 2323 ὄμμ’
1286 2257 1447 2309 ἐλθὼν
1477 2255 1640 2328 μάχῃ;

287 2347 380 2394 Χο.
414 2346 586 2410 ἁγνοῖς
618 2346 671 2395 ἐν
703 2345 853 2410 ἱεροῖς
885 2341 1068 2408 Λοξίου
1103 2346 1326 2408 Δελφῶν
1356 2341 1497 2407 μέτα.
1857 2344 1963 2395 1065

345 2473 445 2509 1041
479 2462 620 2502 ἄλλων
640 2460 819 2515 εὐνάτορ’
842 2461 884 2500 Μ
908 2476 917 2500 :
948 2462 1099 2503 ἄλλους
1122 2459 1365 2514 εὐνάστορας
1384 2459 1439 2498 V²
1585 2472 1688 2509 1042
1720 2457 1963 2511 δύσφρονες]

285 2513 475 2568 δύσφρον’
497 2515 531 2554 Ρ
684 2516 882 2557 ἐπέπεσον
907 2516 1105 2555 Musurus
1129 2515 1390 2567 (ἐπεγένοντο
1420 2514 1469 2566 Σ)
1493 2529 1502 2553 :
1533 2513 1699 2555 &weron
1721 2513 1755 2552 L
1778 2513 1964 2564 (ἔννεπον

283 2570 341 2617 l):
393 2570 541 2612 ἔπεσον
580 2570 851 2609 MAVBP:
906 2571 1084 2622 ἔμπεσον
1123 2570 1311 2618 Lenting
1523 2581 1627 2618 1044
1668 2572 1835 2622 Φρυγῶν
1873 2567 1957 2619 καὶ]

283 2628 448 2678 Φρυγῶν
484 2628 565 2677 γῆν
605 2625 675 2666 H:
720 2628 741 2666 ὃ
773 2630 947 2679 ’Φρυγῶν
986 2634 1086 2678 σφιν
1126 2624 1226 2663 olim
1268 2623 1523 2663 Hermann:
1567 2625 1632 2664 καὶ
1665 2625 1831 2675 Φρυγῶν
1866 2622 1960 2661 OD

287 2692 392 2729 1045
420 2679 521 2731 γύας
547 2680 580 2718 L
609 2686 652 2719 et
675 2680 718 2719 H
741 2694 750 2719 ε
777 2681 893 2732 γυίας
920 2680 1010 2718 rell.
1233 2680 1338 2727 1046
1366 2679 1438 2718 τὸν
1459 2678 1556 2717 add.
1582 2678 1806 2716 Hermann
1828 2676 1959 2726 (ἀεικῆ

286 2733 531 2784 Kirchhoff)
733 2746 833 2784 1051
878 2734 932 2786 εἴ]
956 2734 982 2783 ἧ
1002 2734 1036 2772 Ρ
1235 2745 1334 2783 1054
1378 2732 1519 2785 οἷσπερ
1539 2732 1641 2773 οὖσα
1661 2732 1785 2772 codd,
1806 2744 1817 2769 t
1847 2743 1953 2770 corr.

283 2788 510 2828 Wecklein
696 2801 798 2839 1055
831 2790 962 2842 φυγὰς
983 2793 1083 2828 ante
1103 2787 1223 2829 τῶνδ’
1245 2788 1404 2826 habent
1424 2786 1463 2824 A
1477 2786 1515 2825 V
1698 2786 1803 2835 1056
1841 2784 1958 2837 φόβῳ

283 2847 469 2895 φυγοῦσα
500 2843 773 2883 Herwerden
959 2843 1064 2893 1058
1100 2847 1187 2893 μῶν
1216 2841 1426 2882 ἀντίποινα
1457 2841 1611 2880 Nauck
1798 2840 1902 2879 1062
1931 2841 1957 2888 ἢ

283 2898 406 2938 codd.
593 2901 698 2949 1063
729 2903 786 2951 σῷ
809 2898 1006 2939 Lobeck:
1044 2900 1118 2938 σοῦ
1139 2897 1262 2936 codd.
1444 2898 1547 2946 1065
1578 2896 1710 2949 ἀγνὼς
1732 2893 1957 2934 Housman

283 2952 439 3004 (ἆγνοῖς
462 2951 504 2992 Μ
519 2952 558 2991 V
572 2953 623 3006 P)
