2118 3366
899 135 1340 186 ΕΥΡΙΠΙΔΟΥ

496 263 685 321 ὠδίνων
714 287 769 318 τε
801 265 881 318 καὶ
915 266 1223 333 ἀφροσύνας.

493 348 556 399 δι’
588 351 707 414 ἐμᾶς
735 347 852 422 ᾓξέν
885 371 1007 402 ποτε
1037 351 1213 416 νηδύος
1243 349 1319 402 ἅδ’
1401 343 1403 346 ’
1877 359 1952 411 165

494 432 631 499 αὔρα.
721 435 812 485 τᾶν
843 433 886 485 δ’
920 434 1134 502 εὕλοχον
1164 434 1398 502 οὐρανίαν

576 514 736 581 τόξων
765 516 1047 583 μεδέουσαν
1077 517 1253 570 ἀύτευν

403 598 658 667 Ἀρτεμιν,
694 601 778 652 καί
803 622 888 666 μοι
917 601 1270 667 πολυζήλωτος
1301 603 1398 654 αἰεὶ

539 684 634 736 σὺν
665 688 827 737 θεοῖσι
859 686 1028 755 φοιτᾷ.

313 857 385 865 —-
416 823 531 875 ἀλλ’
560 824 648 888 ἥδε
677 823 865 892 τροφὸς
895 826 1068 892 γεραιὰ
1099 824 1193 892 πρὸ
1225 829 1383 892 θυρῶν
1883 841 1959 887 170

497 907 643 973 τήνδε
677 908 928 974 κομίζουσ’
960 908 1055 973 ἔξω
1085 908 1367 976 μελάθρων·

497 988 731 1060 [στυγνὸν
763 993 803 1043 δ’
835 993 1037 1060 ὀφρύων
1069 991 1223 1060 νέφος
1254 992 1549 1061 αὐξάνεταιζέ

496 1078 549 1128 τί
573 1077 682 1130 ποτ’
717 1076 829 1128 ἔστι
857 1080 1035 1142 μαθεῖν
1066 1076 1234 1143 ἔραται
1263 1076 1423 1146 ψυχή,

497 1162 549 1212 τί
575 1160 840 1226 δεδήληται

583 1245 731 1311 δέμας
763 1246 1049 1313 ἀλλόχροον
1079 1246 1367 1310 βασιλείας.
1884 1262 1958 1303 175

288 1381 533 1419 ΤΡΟΦΟΣ

499 1454 536 1507 ὦ
570 1458 693 1507 κακὰ
725 1459 919 1521 θνητῶν
952 1457 1194 1523 στυγεραί
1220 1477 1275 1508 τε
1306 1456 1466 1508 νόσοι.

498 1541 551 1591 τί
577 1540 626 1590 σ’
657 1541 755 1607 ἐγὼ
787 1539 979 1607 δράσω;
1026 1541 1078 1592 τί
1106 1543 1159 1592 δὲ
1188 1540 1252 1606 μὴ
1285 1539 1478 1607 δράσω,·

499 1626 612 1676 τόδε
645 1646 728 1676 σοι
760 1623 952 1692 φέγγος
982 1625 1229 1690 λαμπρόν,
1264 1624 1334 1675 ὅδ’
1365 1623 1527 1691 αἰθήρ·

501 1707 596 1773 ἔξω
628 1711 681 1760 δὲ
713 1710 877 1774 δόμων
908 1708 999 1774 ἤδη
1033 1712 1244 1775 νοσερᾶς

501 1792 672 1858 δέμνια
703 1795 884 1857 κοίτης.
1884 1800 1962 1839 180

502 1881 644 1944 δεῦρο
673 1879 767 1944 γὰρ
800 1879 966 1928 ἐλθεῖν
997 1880 1097 1929 πᾶν
1126 1877 1245 1930 ἔπος
1276 1876 1336 1941 ἧν
1368 1898 1467 1928 σοι·

501 1960 634 2028 τάχα
663 1961 705 2012 δ’
736 1962 786 2015 ἐς
818 1959 1069 2026 θαλάμους
1101 1961 1340 2015 σπεύσεις
1368 1961 1425 2013 τὸ
1457 1960 1626 2014 πάλιν.

502 2045 631 2113 ταχὺ
659 2047 753 2112 γὰρ
787 2044 1004 2116 σφάλλῃ
1036 2044 1226 2097 κούδενὶ
1256 2046 1463 2113 χαίρεις,

504 2128 616 2181 οὐδέ
649 2129 697 2180 σ’
729 2128 932 2196 ἀρέσκει
960 2128 1016 2180 τὸ
1049 2130 1225 2196 παρόν,
1258 2129 1316 2180 τὸ
1347 2129 1389 2180 δ’
1421 2129 1549 2182 ἀπὸν
1971 2173 1972 2176 ,

506 2215 747 2282 φίλτερον
776 2214 885 2286 ἡγῇ.
1890 2219 1964 2269 185

507 2303 745 2365 κρεῖσσον
777 2300 831 2351 δὲ
862 2302 1034 2350 νοσεῖν
1063 2293 1093 2362 ἢ
1125 2297 1430 2365 θεραπεύειν·

505 2381 561 2435 τὸ
590 2381 684 2448 μέν
716 2383 856 2434 ἐστιν
887 2384 1095 2441 ἁπλοῦν,
1129 2387 1195 2452 τῷ
1228 2384 1281 2434 δὲ
1313 2380 1552 2433 συνάπτει

503 2467 637 2532 λύπη
667 2488 723 2518 τε
753 2471 953 2534 φρενῶν
982 2467 1161 2534 χερσίν
1189 2487 1247 2533 τε>
1273 2466 1440 2519 πόνος.

507 2554 605 2606 πᾶς
635 2550 677 2601 δ’
710 2549 944 2617 ὀδυνηρὸς
974 2551 1089 2615 βίος
1121 2550 1409 2616 ἀνθρώπων,

593 2634 707 2686 κούκ
738 2634 851 2687 ἔστι
879 2636 1047 2687 πόνων
1077 2633 1373 2687 ἀνάπαυσις.
1886 2650 1965 2693 190

358 2752 432 2800 167
469 2753 631 2805 ἅρτεμιν
658 2751 804 2793 ἀύτευν
822 2752 909 2790 VL
924 2751 958 2790 P
1185 2764 1260 2800 172
1290 2751 1403 2790 hunc
1424 2763 1462 2791 v.
1485 2755 1583 2800 post
1607 2751 1685 2789 180
1711 2749 1803 2791 trai.
1828 2749 1967 2790 Wila-

300 2807 471 2845 mowitz
655 2819 730 2856 173
763 2809 847 2860 ἐρᾶι
867 2810 933 2847 τᾶι
958 2806 999 2844 Μ
1017 2820 1026 2844 t
1060 2809 1197 2860 ἐρᾶται
1221 2804 1330 2844 M²V
1439 2807 1553 2856 ψυχῆ
1574 2805 1612 2843 V
1630 2818 1640 2843 ε
1668 2806 1783 2857 ψυχὰ
1801 2804 1842 2842 Α
1856 2805 1890 2843 L
1906 2805 1965 2844 P:

301 2864 428 2912 ψυχᾶι
445 2860 485 2898 Μ
505 2861 540 2899 Β
657 2862 732 2909 178
760 2861 942 2913 λαμπρὸς
959 2860 1000 2899 Μ
1015 2860 1055 2899 Α
1169 2861 1246 2899 180
1275 2860 1412 2901 κοίτας
1429 2859 1463 2898 Β
1477 2860 1515 2899 V
1529 2859 1562 2898 L
1578 2859 1613 2898 P
1745 2860 1820 2908 184
1851 2858 1969 2900 οὐδέν

303 2915 342 2954 a·
376 2915 511 2953 VLP
715 2916 789 2964 187
834 2916 883 2957 τὸ
919 2914 963 2956 δὲ
998 2914 1059 2953 Μ2
1095 2913 1171 2965 (τῶ
1205 2914 1249 2956 δὲ
1285 2914 1347 2967 Μ)
1559 2926 1637 2965 190
1680 2927 1762 2954 om.
1801 2914 1968 2953 LPN:

301 2969 397 3010 add.
426 2969 444 3007 l
