2118 3366
923 85 1184 140 EKABH

518 213 836 283 δοριθήρατος
865 213 987 281 πρὸς
1018 214 1255 282 Ἀχαιῶν,

436 300 580 352 οὐδὲν
609 298 808 353 παθέων
839 297 1247 365 ἀποκουφίζουσ’,

436 383 553 436 ἀλλ’
585 384 824 450 ἀγγελίας
853 380 1012 448 βάρος
1042 381 1260 447 ἀραμένη
1817 396 1895 438 105

429 467 561 534 μέγα
594 467 682 517 σοί
707 487 776 525 τε,
809 465 970 533 γύναι,
1005 463 1160 532 κῆρυξ
1186 464 1368 534 ἀχέων.

437 554 492 603 ἐν
521 552 616 618 γὰρ
646 549 865 618 Ἀχαιῶν
895 547 1075 615 πλήρει
1104 547 1291 618 ξυνόδῳ

434 633 639 702 λέγεται
668 632 808 698 δόξαι
838 632 935 697 σὴν
964 631 1097 685 παῖδ’
1128 632 1330 701 Ἀχιλεῖ

437 716 667 786 σφάγιον
698 716 891 769 θέσθαι·
938 717 1130 782 τύμβου
1161 716 1203 768 δ’
1235 717 1419 781 ἐπιβὰς

409 832 412 834 v
437 801 567 853 οἶσθ’
595 802 679 853 ὅτε
707 799 942 869 χρυσέοις
972 799 1133 867 ἐφάνη
1167 800 1262 852 σὺν
1291 801 1483 860 ὅπλοις,
1817 815 1897 844 110

437 888 526 939 τὰς
555 885 891 952 ποντοπόρους
921 884 962 935 δ’
992 884 1118 952 ἔσχε
1150 885 1356 952 σχεδίας

435 971 593 1037 λαίφη
626 970 885 1036 προτόνοις
916 966 1309 1035 ἐπερειδομένας,

437 1052 555 1106 τάδε
587 1052 848 1124 θωΰσσων·

438 1142 543 1189 Ποῖ
568 1135 643 1201 δή,
681 1138 888 1195 Δαναοί,
923 1136 1010 1188 τὸν
1041 1135 1161 1201 ἐμὸν
1190 1136 1386 1201 τύμβον

523 1220 795 1273 στέλλεσθ’
827 1219 1107 1288 ἀγέραστον
1138 1218 1378 1287 ἀφέντες,·
1823 1233 1898 1273 115

439 1308 634 1369 πολλῆς
665 1304 706 1356 δ’
737 1305 895 1370 ἔριδος
926 1303 1202 1355 συνέπαισε
1233 1303 1441 1361 κλύδων,

439 1386 560 1452 δόξα
590 1388 632 1440 δ’
664 1389 842 1457 ἐχώρει
871 1387 970 1456 δίχ’
1002 1387 1078 1439 ἀν’
1107 1386 1372 1452 Ἑλλήνων

441 1472 656 1539 στρατὸν
686 1471 951 1540 αἰχμητήν,
984 1477 1089 1526 τοῖς
1117 1473 1210 1537 μὲν
1240 1472 1429 1522 διδόναι

440 1557 614 1626 τύμβῳ
647 1555 886 1624 σφάγιον,
919 1560 1023 1609 τοῖς
1055 1555 1097 1606 δ’
1129 1555 1241 1622 οὐχὶ
1273 1559 1462 1606 δοκοῦν.

438 1639 500 1705 ἧν
529 1640 571 1692 δ’
602 1642 628 1691 ὁ
658 1639 715 1691 τὸ
744 1643 835 1706 μὲν
866 1639 958 1691 σὸν
990 1640 1218 1691 σπεύδων
1249 1638 1437 1705 ἀγαθὸν
1824 1653 1900 1682 120

440 1728 529 1789 τῆς
557 1725 865 1790 μαντιπόλου
895 1722 1098 1793 Βάκχης
1128 1722 1326 1793 ἀνέχων

437 1808 601 1876 λέκτρ’
633 1807 976 1875 Ἀγαμέμνων·

438 1894 507 1944 τὼ
539 1894 768 1958 Θησείδα
798 1892 857 1951 δ’,
890 1892 984 1955 ὄζω
1016 1891 1260 1956 Ἀθηνῶν,

439 1982 629 2029 δισσῶν
658 1976 826 2042 μύθων
854 1975 1057 2043 ῥήτορες
1086 1974 1233 2039 ἦσαν·

439 2063 615 2133 γνώμῃ
647 2063 700 2112 δὲ
730 2067 819 2131 μιᾷ
850 2061 1234 2133 συνεχωρείτην,
1821 2074 1899 2113 125

439 2146 527 2198 τὸν
559 2145 853 2214 Ἀχίλλειον
883 2145 1078 2210 τύμβον
1109 2148 1392 2211 στεφανοῦν

440 2231 609 2295 αἵματι
640 2234 837 2299 χλωρῷ,
870 2231 931 2279 τὰ
961 2231 1014 2280 δὲ
1048 2227 1346 2294 Κασάνδρας

438 2313 604 2381 λέκτρ’
636 2316 723 2366 οὐκ
755 2312 948 2380 ἐφάτην
978 2315 1066 2376 τῆς
1096 2311 1354 2380 Ἀχιλείας

523 2399 745 2464 πρόσθεν
778 2396 953 2461 θήσειν
983 2398 1104 2448 ποτὲ
1133 2396 1344 2464 λόγχης.

441 2482 656 2534 σπουδαὶ
688 2484 741 2533 δὲ
770 2482 938 2548 λόγων
970 2478 1389 2544 κατατεινομένων
1822 2493 1900 2534 130

440 2565 572 2630 ἦσαν
601 2568 710 2618 ἴσαι
740 2586 858 2623 πως,
890 2564 1005 2631 πρὶν
1037 2565 1063 2614 ὁ
1093 2564 1438 2636 ποικιλόφρων

441 2651 581 2704 κόπις
610 2650 855 2716 ἡδυλόγος
887 2647 1258 2717 δημοχαριστὴς

292 2778 367 2816 105
411 2765 599 2819 αἰρομένη
630 2766 692 2805 Pl
707 2779 716 2804 :
762 2763 933 2817 ἆρομένη
962 2763 1002 2801 V
1198 2764 1274 2802 108
1319 2763 1462 2814 ἇχιλεΐ
1489 2761 1561 2800 M:
1605 2761 1779 2812 ἆχιλλεῖ
1805 2759 1896 2799 rell.

237 2821 312 2860 116
342 2821 542 2862 συνέπεσε
562 2821 682 2860 codd.
706 2828 750 2859 et
769 2826 824 2863 Σε
856 2831 965 2858 corr.
989 2817 1215 2868 Byzantini
1237 2816 1502 2869 (συνέκρουσε
1524 2815 1668 2855 schol.
1696 2815 1898 2865 Byzant.)

239 2888 313 2925 117
352 2874 563 2917 Ἑλλάνων
590 2875 736 2915 codd.:
778 2891 804 2923 η
834 2885 1047 2923 suprascr.
1078 2873 1112 2911 P
1130 2885 1157 2911 v
1308 2885 1387 2910 120
1416 2870 1450 2911 δ’
1472 2874 1493 2911 ὁ
1522 2870 1631 2909 LP:
1676 2868 1721 2910 δὲ
1748 2869 1841 2909 rell.
1869 2874 1901 2912 Σ

236 2943 313 2981 123
342 2929 422 2971 5³⁶⁰)
445 2929 492 2980 L,
514 2929 626 2981 ὄζωὶ
792 2929 870 2967 128
899 2927 1117 2981 ἂχιλλείας
1139 2926 1288 2967 codd.:
1319 2938 1424 2966 corr.
1452 2922 1680 2975 Byzantini
