2118 3366
885 147 1324 199 ΕΥΡΙΠΙΔΟΥ

388 274 420 340 ἦ
450 274 606 343 κάρτα
635 274 769 341 δόξει
799 281 902 331 τοῖς
927 271 1099 331 ἱκακοῖς
1129 277 1177 344 γ’
1212 277 1339 330 εἶναι
1370 275 1515 329 καλά.

387 364 519 425 μισῶ
550 361 604 412 δὲ
634 361 711 412 καὶ
741 362 828 414 τὰς
859 361 1128 428 σώφρονας
1158 363 1251 426 μὲν
1283 362 1335 413 ἐν
1365 361 1556 427 λόγοις,

387 441 550 513 λάθρᾳ
579 445 634 496 δὲ
663 443 851 509 τόλμας
883 445 939 496 οὗ
971 446 1125 497 καλᾶς
1161 442 1477 509 κεκτημένας.

389 525 439 578 αἳ
468 531 572 580 πῶς
602 526 727 586 ποτ’,
760 525 798 579 ὦ
829 526 1070 580 δέσποινα
1103 529 1280 581 ποντία
1312 527 1490 593 Κύπρι,
1852 541 1935 583 415

387 607 672 675 βλέπουσιν
704 613 754 664 ἐς
786 612 1032 678 πρόσωπα
1063 616 1162 662 τῶν
1194 609 1493 675 ξυνευνετῶν

389 693 503 745 οὐδὲ
534 694 717 746 σκότον
749 696 1029 761 φρίσσουσι
1059 694 1147 747 τὸν
1179 693 1480 761 ξυνεργάτην

387 775 603 843 τέραμνά
632 777 673 829 τ’
705 780 853 830 οἴκων
881 778 949 844 μή
981 800 1104 831 ποτε
1137 778 1368 845 φθογγὴν
1399 778 1508 849 ἀφῇ
1516 797 1533 837 ‚·

454 856 583 921 ἡμᾶς
612 859 708 924 γὰρ
738 858 859 910 αὐτὸ
889 858 1020 910 τοῦτ’
1053 860 1350 919 ἀποκτείνει,
1384 861 1550 927 φίλαι,

390 940 454 994 ὡς
483 939 662 1006 μήποτ’
692 940 846 1009 ἄνδρα
875 942 963 994 τὸν
994 942 1114 1007 ε’μὸν
1146 942 1414 1010 αἶσχύνασ·’
1446 944 1571 1002 ἁλῶ,
1855 959 1938 1000 420

387 1024 453 1089 μὴ
485 1029 662 1078 παῖδας
693 1025 775 1079 οὓς
805 1025 1014 1078 ἔτικτον·
1060 1026 1175 1078 ἀλλ’
1207 1028 1459 1094 ἐλεύθεροι

390 1110 641 1178 παρρησίᾳ
670 1108 944 1164 θάλλοντες
975 1112 1156 1162 οἰκοῖεν
1188 1111 1339 1163 πόλιν

391 1197 598 1245 κλεινῶν
628 1192 870 1258 Ἀθηνῶν,
902 1193 1085 1260 μητρὸς
1117 1194 1273 1246 οὕνεκ’
1307 1194 1538 1247 εὐκλεεῖς.

389 1280 561 1329 δουλοῖ
586 1279 680 1344 γὰρ
711 1276 877 1344 ἄνδρα,
913 1278 1003 1330 κᾶν
1035 1279 1494 1347 θρασύσπλαγχνός
1525 1299 1600 1332 τις
1628 1276 1672 1351 ᾗ,

389 1361 508 1412 ὅταν
537 1359 733 1432 ξυνειὸᾗ
764 1361 945 1428 μητρὸς
975 1358 1006 1426 ἢ
1038 1362 1222 1429 πατρὸς
1255 1362 1394 1414 κακά.
1855 1378 1936 1419 425

388 1445 542 1509 μόνον
573 1447 625 1497 δὲ
655 1446 801 1496 τοῦτό
832 1446 957 1513 φασ’
990 1448 1301 1511 ἁμιλλᾶσθαι
1330 1448 1447 1516 βίῳ,

389 1529 591 1595 γνώμην
622 1531 815 1581 δικαίαν
847 1529 1084 1596 κάγαθήν,
1119 1531 1215 1600 ὅτῳ
1246 1532 1393 1602 παρῇ.

391 1613 565 1667 κακοὺς
597 1615 649 1665 δὲ
681 1617 873 1678 θνητῶν
906 1613 1124 1681 ἐξέφην’,
1156 1615 1276 1666 ὅταν
1306 1615 1450 1687 τύχῃ,

389 1698 588 1763 προθεὶς
620 1696 894 1764 κάτοπτρον
926 1699 1058 1750 ὥστε
1086 1698 1312 1768 παρθένῳ
1342 1698 1431 1768 νέᾳ

390 1781 586 1849 χρόνος·
633 1781 745 1849 παρ’
777 1784 881 1834 οῖσι
910 1782 1091 1848 μήποτ’
1122 1783 1332 1850 ὀφθείην
1365 1783 1478 1850 ἐγώ.
1855 1798 1938 1839 430

264 1870 355 1917 Χο.
390 1870 485 1931 φεῦ
515 1870 626 1932 φεῦ·
672 1865 729 1917 τὸ
760 1871 969 1934 σῶφρον
1002 1867 1067 1920 ὡς
1099 1869 1388 1935 ἁπανταχοῦ
1423 1865 1578 1918 καλὸν

391 1949 469 2001 καὶ
500 1947 650 2012 δόξαν
682 1950 871 2015 ἐσθλὴν
905 1952 958 2002 ἐν
988 1956 1192 2017 βροτοῖς
1224 1952 1523 2018 καρπίζεται.

263 2037 352 2100 Τρ.
389 2033 626 2093 δέσποιν’,
662 2036 774 2100 ἐμοί
800 2056 876 2086 τοι
907 2037 1142 2102 συμφορὰ
1172 2038 1265 2100 μὲν
1297 2036 1475 2102 ἀρτίως

389 2117 418 2183 ἡ
452 2117 516 2182 σὴ
549 2117 774 2186 παρέσχε
805 2118 965 2171 δεινὸν
998 2117 1237 2186 ἐξαίφνης
1268 2120 1456 2186 φόβον·

390 2206 476 2254 νῦν
507 2201 549 2253 δ’
582 2203 841 2269 ἐννοοΰμαι
872 2207 1064 2270 φαῦλος
1096 2203 1239 2254 οὖσα·
1288 2205 1377 2255 κάν
1409 2207 1612 2271 βροτοῖς
1855 2220 1935 2260 435

391 2287 440 2337 αἱ
471 2286 698 2353 δεύτεραί
723 2308 826 2340 πως
858 2288 1121 2354 φροντίδες
1153 2288 1455 2355 σοφώτεραι.

390 2371 446 2422 οὐ
476 2372 571 2437 γὰρ
604 2370 850 2439 περισσὸν
881 2371 1023 2423 οὐδὲν
1055 2371 1155 2423 οὐδ’
1188 2371 1281 2437 ἔξω
1311 2373 1469 2440 λόγου

391 2453 657 2509 πέπονθας·
704 2457 847 2523 ὀργαὶ
878 2456 920 2507 δ’
954 2458 1005 2510 ἐς
1037 2456 1086 2507 σ’
1122 2456 1426 2525 ἀπέσκηψαν
1458 2462 1588 2512 θεᾶς.

319 2583 397 2620 412
427 2571 522 2624 δόξη
543 2573 630 2623 (vel
650 2574 712 2628 -ῃ)
735 2575 931 2615 MAVB
953 2590 962 2615 z
994 2590 1103 2618 corr.
1128 2577 1183 2617 Α2
1199 2576 1252 2616 13²
1364 2580 1500 2618 κακοῖς
1518 2576 1561 2629 γ’
1585 2575 1729 2615 MVB
1750 2590 1760 2615 :
1786 2576 1828 2625 ’γ’
1849 2588 1929 2615 om.

264 2624 400 2664 ALP
591 2641 671 2678 415
707 2630 765 2681 αἳ]
799 2632 842 2672 αῖ
870 2631 910 2670 Μ
1140 2634 1222 2681 418
1254 2631 1432 2686 τέραμνα
1462 2631 1524 2670 L:
1563 2632 1739 2685 τέρεμνα
1770 2630 1809 2669 Κ
1840 2630 1930 2671 rell.

265 2692 347 2730 419
380 2681 598 2724 ἀποκτενεῖ
625 2683 827 2724 KMBV
1051 2700 1130 2737 424
1172 2685 1450 2740 θρασύστομος
1481 2686 1608 2735 Diog.
1640 2687 1780 2725 Laert.
1811 2698 1848 2734 4.
1882 2696 1931 2734 51

265 2737 347 2783 426
375 2734 419 2776 δὲ
440 2738 504 2778 καὶ
529 2738 562 2776 L
690 2743 792 2793 φασὶ
812 2743 921 2784 τοῦθ’
946 2743 1067 2782 Stob.
1091 2756 1157 2792 90.
1188 2755 1233 2780 11
1458 2753 1537 2790 427
1570 2740 1671 2792 ὅτῳ]
1694 2741 1794 2781 ὅταν
1814 2739 1934 2780 Stob.

265 2801 346 2838 429
374 2795 561 2843 προσθεὶς
589 2796 623 2834 Ρ
761 2797 954 2850 παρθένος
985 2796 1055 2839 νέα
1089 2798 1121 2835 L
1138 2797 1172 2835 P
1392 2808 1475 2846 430
1502 2796 1557 2844 μὴ
1587 2793 1862 2848 προσοφθείην
1893 2792 1935 2832 K

266 2857 342 2893 431
376 2847 447 2897 ὣς]
469 2854 551 2891 πῶς
572 2851 606 2889 L
625 2852 659 2890 P
772 2851 989 2903 ἇπανταχῆ
1013 2852 1047 2890 L
1071 2852 1214 2891 Haun.
1240 2856 1283 2890 et
1304 2850 1425 2890 Stob.
1447 2861 1484 2899 5.
1508 2862 1563 2888 20
1715 2861 1797 2899 432
1825 2847 1935 2899 κομί-

263 2897 377 2956 ζεται
407 2902 490 2943 LP
520 2906 639 2945 Stob.
671 2912 714 2945 et
744 2906 843 2945 Chr.
881 2907 973 2947 Pat.
1006 2918 1088 2956 549
1254 2918 1335 2954 433
1370 2904 1459 2956 ἐμοί
1486 2905 1524 2945 τ’
1554 2921 1590 2945 οι
1620 2904 1646 2954 ἦ
1677 2902 1863 2956 συμφορὰ
1893 2900 1936 2940 Μ

266 2955 348 3004 438
378 2957 618 3013 ἀπέσκηψαν
637 2960 678 2999 Α
693 2961 727 2999 Β
744 2961 778 2999 L
791 2960 825 2999 P
845 2975 854 3000 :
885 2959 1121 3013 ἐπέσκηψαν
1142 2960 1183 2999 Κ
1202 2959 1243 2999 Μ
1261 2960 1298 2998 V
1312 2958 1364 2998 L²
