<?xml version="1.0" encoding="UTF-8"?>
<!DOCTYPE html PUBLIC "-//W3C//DTD XHTML 1.0 Transitional//EN"
    "http://www.w3.org/TR/xhtml1/DTD/xhtml1-transitional.dtd">
<html xmlns="http://www.w3.org/1999/xhtml" xml:lang="en" lang="en">
 <head>
  <title>
</title>
<meta http-equiv="Content-Type" content="text/html;charset=utf-8" />
  <meta name='ocr-system' content='tesseract 3.04.00' />
  <meta name='ocr-capabilities' content='ocr_page ocr_carea ocr_par ocr_line ocrx_word'/>
</head>
<body>
  <div class='ocr_page' id='page_1' title='image "./euripidistragoed01euriuoft_0142.png"; bbox 0 0 2118 3366; ppageno 0'>
   <div class='ocr_carea' id='block_1_1' title="bbox 879 168 1318 218">
    <p class='ocr_par' dir='ltr' id='par_1_1' title="bbox 879 168 1318 218">
     <span class='ocr_line' id='line_1_1' title="bbox 879 168 1318 218; baseline 0.007 -3"><span class='ocrx_word' id='word_1_1' title='bbox 879 168 1318 218; x_wconf 75' lang='grc' dir='ltr'>ΕΥΡΙΠΙΔΟΥ</span> 
     </span>
    </p>
   </div>
   <div class='ocr_carea' id='block_1_2' title="bbox 389 294 1591 366">
    <p class='ocr_par' dir='ltr' id='par_1_2' title="bbox 389 294 1591 366">
     <span class='ocr_line' id='line_1_2' title="bbox 389 294 1591 366; baseline 0.003 -19"><span class='ocrx_word' id='word_1_2' title='bbox 389 294 446 347; x_wconf 85' lang='grc' dir='ltr'>τὸ</span> <span class='ocrx_word' id='word_1_3' title='bbox 479 296 558 347; x_wconf 89' lang='grc' dir='ltr'>καὶ</span> <span class='ocrx_word' id='word_1_4' title='bbox 586 294 869 363; x_wconf 85' lang='grc' dir='ltr'>προσέσθαι</span> <span class='ocrx_word' id='word_1_5' title='bbox 899 297 1186 362; x_wconf 81' lang='grc' dir='ltr'>μαλθακοὺς</span> <span class='ocrx_word' id='word_1_6' title='bbox 1215 299 1399 366; x_wconf 82' lang='grc' dir='ltr'>λόγους</span> <span class='ocrx_word' id='word_1_7' title='bbox 1429 301 1591 366; x_wconf 85' lang='grc' dir='ltr'>φρενί.</span> 
     </span>
    </p>
   </div>
   <div class='ocr_carea' id='block_1_3' title="bbox 389 380 1927 681">
    <p class='ocr_par' dir='ltr' id='par_1_3' title="bbox 389 380 1509 451">
     <span class='ocr_line' id='line_1_3' title="bbox 389 380 1509 451; baseline 0.003 -21"><span class='ocrx_word' id='word_1_8' title='bbox 389 383 615 446; x_wconf 83' lang='grc' dir='ltr'>χωρεῖτε,</span> <span class='ocrx_word' id='word_1_9' title='bbox 647 383 835 438; x_wconf 89' lang='grc' dir='ltr'>παῖδες,</span> <span class='ocrx_word' id='word_1_10' title='bbox 868 382 920 432; x_wconf 89' lang='grc' dir='ltr'>ἐς</span> <span class='ocrx_word' id='word_1_11' title='bbox 951 380 1145 445; x_wconf 90' lang='grc' dir='ltr'>δόμους.</span> <span class='ocrx_word' id='word_1_12' title='bbox 1234 383 1330 451; x_wconf 80' lang='grc' dir='ltr'>ὅτῳ</span> <span class='ocrx_word' id='word_1_13' title='bbox 1361 384 1415 433; x_wconf 79' lang='grc' dir='ltr'>δὲ</span> <span class='ocrx_word' id='word_1_14' title='bbox 1442 383 1509 448; x_wconf 85' lang='grc' dir='ltr'>μὴ</span> 
     </span>
    </p>

    <p class='ocr_par' dir='ltr' id='par_1_4' title="bbox 391 462 1377 530">
     <span class='ocr_line' id='line_1_4' title="bbox 391 462 1377 530; baseline 0.003 -17"><span class='ocrx_word' id='word_1_15' title='bbox 391 462 528 527; x_wconf 82' lang='grc' dir='ltr'>θέμις</span> <span class='ocrx_word' id='word_1_16' title='bbox 557 468 784 530; x_wconf 88' lang='grc' dir='ltr'>παρεῖναι</span> <span class='ocrx_word' id='word_1_17' title='bbox 812 468 916 516; x_wconf 89' lang='grc' dir='ltr'>τοῖς</span> <span class='ocrx_word' id='word_1_18' title='bbox 947 466 1118 528; x_wconf 79' lang='grc' dir='ltr'>ἐμοῖσι</span> <span class='ocrx_word' id='word_1_19' title='bbox 1147 465 1377 530; x_wconf 82' lang='grc' dir='ltr'>θύμασιν,</span> 
     </span>
    </p>

    <p class='ocr_par' dir='ltr' id='par_1_5' title="bbox 390 532 1927 652">
     <span class='ocr_line' id='line_1_5' title="bbox 390 532 1927 620; baseline 0.007 -24"><span class='ocrx_word' id='word_1_20' title='bbox 390 545 518 616; x_wconf 79' lang='grc' dir='ltr'>αὐτῷ</span> <span class='ocrx_word' id='word_1_21' title='bbox 548 545 778 612; x_wconf 85' lang='grc' dir='ltr'>μελήσει·</span> <span class='ocrx_word' id='word_1_22' title='bbox 827 552 974 615; x_wconf 85' lang='grc' dir='ltr'>χεῖρα</span> <span class='ocrx_word' id='word_1_23' title='bbox 1004 546 1047 598; x_wconf 88' lang='grc' dir='ltr'>δ’</span> <span class='ocrx_word' id='word_1_24' title='bbox 1080 547 1137 598; x_wconf 82' lang='grc' dir='ltr'>οὗ</span> <span class='ocrx_word' id='word_1_25' title='bbox 1166 551 1433 615; x_wconf 84' lang='grc' dir='ltr'>διαφθερῶ.</span> <span class='ocrx_word' id='word_1_26' title='bbox 1514 532 1529 620; x_wconf 51' lang='grc' dir='ltr'><em>ί</em></span> <span class='ocrx_word' id='word_1_27' title='bbox 1821 567 1927 607; x_wconf 86' lang='grc' dir='ltr'>Ῑ055</span> 
     </span>
     <span class='ocr_line' id='line_1_6' title="bbox 394 622 1519 652; baseline -0.011 -2"><span class='ocrx_word' id='word_1_28' title='bbox 394 630 418 649; x_wconf 62' lang='grc'>0</span> <span class='ocrx_word' id='word_1_29' title='bbox 455 631 480 650; x_wconf 63' lang='lat'>¹³·</span> <span class='ocrx_word' id='word_1_30' title='bbox 1416 622 1519 652; x_wconf 26' lang='lat' dir='ltr'>&#39;a</span> 
     </span>
    </p>

    <p class='ocr_par' dir='ltr' id='par_1_6' title="bbox 392 651 501 681">
     <span class='ocr_line' id='line_1_7' title="bbox 392 651 501 681; baseline 0 -1"><span class='ocrx_word' id='word_1_31' title='bbox 392 651 423 680; x_wconf 88' lang='lat' dir='ltr'>a</span> <span class='ocrx_word' id='word_1_32' title='bbox 453 651 501 681; x_wconf 92' lang='grc' dir='ltr'>α.</span> 
     </span>
    </p>
   </div>
   <div class='ocr_carea' id='block_1_4' title="bbox 269 704 1941 2615">
    <p class='ocr_par' dir='ltr' id='par_1_7' title="bbox 391 704 1933 2291">
     <span class='ocr_line' id='line_1_8' title="bbox 473 704 1546 787; baseline 0.004 -24"><span class='ocrx_word' id='word_1_33' title='bbox 473 713 540 778; x_wconf 82' lang='grc' dir='ltr'>μὴ</span> <span class='ocrx_word' id='word_1_34' title='bbox 572 704 880 778; x_wconf 33' lang='grc' dir='ltr'>δῆτα,”θυμε’,</span> <span class='ocrx_word' id='word_1_35' title='bbox 913 713 979 778; x_wconf 76' lang='grc' dir='ltr'>μὴ</span> <span class='ocrx_word' id='word_1_36' title='bbox 1014 715 1079 765; x_wconf 90' lang='grc' dir='ltr'>σύ</span> <span class='ocrx_word' id='word_1_37' title='bbox 1108 714 1155 781; x_wconf 86' lang='grc' dir='ltr'>γ’</span> <span class='ocrx_word' id='word_1_38' title='bbox 1190 714 1382 787; x_wconf 82' lang='grc' dir='ltr'>ἐργάσῃ</span> <span class='ocrx_word' id='word_1_39' title='bbox 1412 714 1546 768; x_wconf 86' lang='grc' dir='ltr'>τάδε·</span> 
     </span>
     <span class='ocr_line' id='line_1_9' title="bbox 391 795 1487 864; baseline 0.003 -16"><span class='ocrx_word' id='word_1_40' title='bbox 391 797 545 848; x_wconf 83' lang='grc' dir='ltr'>ἔασον</span> <span class='ocrx_word' id='word_1_41' title='bbox 576 797 763 855; x_wconf 83' lang='grc' dir='ltr'>αὐτούς,</span> <span class='ocrx_word' id='word_1_42' title='bbox 798 795 835 847; x_wconf 72' lang='grc' dir='ltr'>ὦ</span> <span class='ocrx_word' id='word_1_43' title='bbox 867 796 1044 856; x_wconf 89' lang='grc' dir='ltr'>τάλαν,</span> <span class='ocrx_word' id='word_1_44' title='bbox 1079 803 1257 864; x_wconf 90' lang='grc' dir='ltr'>φεῖσαι</span> <span class='ocrx_word' id='word_1_45' title='bbox 1284 798 1487 851; x_wconf 88' lang='grc' dir='ltr'>τέκνων·</span> 
     </span>
     <span class='ocr_line' id='line_1_10' title="bbox 393 880 1458 949; baseline 0.003 -18"><span class='ocrx_word' id='word_1_46' title='bbox 393 882 497 931; x_wconf 86' lang='grc' dir='ltr'>ἐκεῖ</span> <span class='ocrx_word' id='word_1_47' title='bbox 522 880 631 945; x_wconf 85' lang='grc' dir='ltr'>μεθ’</span> <span class='ocrx_word' id='word_1_48' title='bbox 661 881 799 945; x_wconf 85' lang='grc' dir='ltr'>ἡμῶν</span> <span class='ocrx_word' id='word_1_49' title='bbox 834 881 1011 943; x_wconf 79' lang='grc' dir='ltr'>ζῶντες</span> <span class='ocrx_word' id='word_1_50' title='bbox 1043 881 1355 949; x_wconf 82' lang='grc' dir='ltr'>εὐφρανοῦσί</span> <span class='ocrx_word' id='word_1_51' title='bbox 1382 905 1458 935; x_wconf 91' lang='grc' dir='ltr'>σε.</span> 
     </span>
     <span class='ocr_line' id='line_1_11' title="bbox 476 962 1628 1036; baseline 0.005 -22"><span class='ocrx_word' id='word_1_52' title='bbox 476 966 545 1029; x_wconf 84' lang='grc' dir='ltr'>μὰ</span> <span class='ocrx_word' id='word_1_53' title='bbox 576 963 689 1017; x_wconf 83' lang='grc' dir='ltr'>τοὺς</span> <span class='ocrx_word' id='word_1_54' title='bbox 719 963 833 1030; x_wconf 85' lang='grc' dir='ltr'>παρ’</span> <span class='ocrx_word' id='word_1_55' title='bbox 859 962 1009 1036; x_wconf 61' lang='grc' dir='ltr'>“Ἀιδῃ</span> <span class='ocrx_word' id='word_1_56' title='bbox 1043 964 1297 1032; x_wconf 87' lang='grc' dir='ltr'>νερτέρους</span> <span class='ocrx_word' id='word_1_57' title='bbox 1329 966 1628 1034; x_wconf 89' lang='grc' dir='ltr'>ἀλάστορας,</span> 
     </span>
     <span class='ocr_line' id='line_1_12' title="bbox 394 1047 1932 1118; baseline 0.004 -20"><span class='ocrx_word' id='word_1_58' title='bbox 394 1048 529 1099; x_wconf 82' lang='grc' dir='ltr'>οὔτοι</span> <span class='ocrx_word' id='word_1_59' title='bbox 558 1047 668 1100; x_wconf 82' lang='grc' dir='ltr'>ποτ’</span> <span class='ocrx_word' id='word_1_60' title='bbox 700 1047 842 1100; x_wconf 84' lang='grc' dir='ltr'>ἔσται</span> <span class='ocrx_word' id='word_1_61' title='bbox 872 1047 1004 1100; x_wconf 82' lang='grc' dir='ltr'>τοῦθ’</span> <span class='ocrx_word' id='word_1_62' title='bbox 1037 1050 1170 1103; x_wconf 87' lang='grc' dir='ltr'>ὅπως</span> <span class='ocrx_word' id='word_1_63' title='bbox 1200 1051 1399 1118; x_wconf 81' lang='grc' dir='ltr'>ἐχθροῖς</span> <span class='ocrx_word' id='word_1_64' title='bbox 1430 1052 1529 1118; x_wconf 84' lang='grc' dir='ltr'>ἐγὼ</span> <span class='ocrx_word' id='word_1_65' title='bbox 1827 1056 1932 1097; x_wconf 86' lang='lat'>1060</span> 
     </span>
     <span class='ocr_line' id='line_1_13' title="bbox 393 1130 1479 1201; baseline 0.003 -18"><span class='ocrx_word' id='word_1_66' title='bbox 393 1136 571 1185; x_wconf 90' lang='grc' dir='ltr'>παῖδας</span> <span class='ocrx_word' id='word_1_67' title='bbox 602 1130 813 1198; x_wconf 88' lang='grc' dir='ltr'>παρήσω</span> <span class='ocrx_word' id='word_1_68' title='bbox 843 1133 958 1186; x_wconf 85' lang='grc' dir='ltr'>τοὺς</span> <span class='ocrx_word' id='word_1_69' title='bbox 989 1133 1136 1198; x_wconf 81' lang='grc' dir='ltr'>ἐμοὺς</span> <span class='ocrx_word' id='word_1_70' title='bbox 1160 1135 1479 1201; x_wconf 82' lang='grc' dir='ltr'>καθυβρίσαι.</span> 
     </span>
     <span class='ocr_line' id='line_1_14' title="bbox 394 1211 1641 1286; baseline 0.003 -19"><span class='ocrx_word' id='word_1_71' title='bbox 394 1211 606 1280; x_wconf 85' lang='grc' dir='ltr'>[πάντως</span> <span class='ocrx_word' id='word_1_72' title='bbox 637 1215 731 1283; x_wconf 85' lang='grc' dir='ltr'>σφ’</span> <span class='ocrx_word' id='word_1_73' title='bbox 762 1215 951 1283; x_wconf 91' lang='grc' dir='ltr'>ἀνάγκη</span> <span class='ocrx_word' id='word_1_74' title='bbox 986 1221 1261 1269; x_wconf 83' lang='grc' dir='ltr'>κατθανεῖν·</span> <span class='ocrx_word' id='word_1_75' title='bbox 1311 1219 1416 1270; x_wconf 89' lang='grc' dir='ltr'>ἐπεὶ</span> <span class='ocrx_word' id='word_1_76' title='bbox 1447 1221 1500 1270; x_wconf 81' lang='grc' dir='ltr'>δὲ</span> <span class='ocrx_word' id='word_1_77' title='bbox 1527 1217 1641 1286; x_wconf 84' lang='grc' dir='ltr'>χρή,</span> 
     </span>
     <span class='ocr_line' id='line_1_15' title="bbox 391 1300 1386 1369; baseline 0.004 -19"><span class='ocrx_word' id='word_1_78' title='bbox 391 1300 531 1364; x_wconf 86' lang='grc' dir='ltr'>ἡμεῖς</span> <span class='ocrx_word' id='word_1_79' title='bbox 565 1304 826 1365; x_wconf 81' lang='grc' dir='ltr'>κτενοῦμεν</span> <span class='ocrx_word' id='word_1_80' title='bbox 857 1302 998 1368; x_wconf 81' lang='grc' dir='ltr'>οἵπερ</span> <span class='ocrx_word' id='word_1_81' title='bbox 1031 1301 1386 1369; x_wconf 78' lang='grc' dir='ltr'>ἐξεφύσαμεν.]</span> 
     </span>
     <span class='ocr_line' id='line_1_16' title="bbox 394 1382 1573 1454; baseline 0.003 -19"><span class='ocrx_word' id='word_1_82' title='bbox 394 1382 591 1437; x_wconf 87' lang='grc' dir='ltr'>πάντως</span> <span class='ocrx_word' id='word_1_83' title='bbox 623 1383 899 1451; x_wconf 86' lang='grc' dir='ltr'>πέπρακται</span> <span class='ocrx_word' id='word_1_84' title='bbox 930 1389 1083 1436; x_wconf 81' lang='grc' dir='ltr'>ταῦτα</span> <span class='ocrx_word' id='word_1_85' title='bbox 1115 1386 1231 1437; x_wconf 85' lang='grc' dir='ltr'>κούκ</span> <span class='ocrx_word' id='word_1_86' title='bbox 1264 1385 1573 1454; x_wconf 82' lang='grc' dir='ltr'>ἐκφεύξεται.</span> 
     </span>
     <span class='ocr_line' id='line_1_17' title="bbox 395 1467 1929 1536; baseline 0.003 -18"><span class='ocrx_word' id='word_1_87' title='bbox 395 1468 475 1518; x_wconf 89' lang='grc' dir='ltr'>καὶ</span> <span class='ocrx_word' id='word_1_88' title='bbox 505 1467 563 1532; x_wconf 82' lang='grc' dir='ltr'>δὴ</span> <span class='ocrx_word' id='word_1_89' title='bbox 596 1468 666 1520; x_wconf 82' lang='grc' dir='ltr'>’πὶ</span> <span class='ocrx_word' id='word_1_90' title='bbox 699 1469 837 1535; x_wconf 83' lang='grc' dir='ltr'>κρατὶ</span> <span class='ocrx_word' id='word_1_91' title='bbox 870 1468 1141 1536; x_wconf 86' lang='grc' dir='ltr'>στέφανος,</span> <span class='ocrx_word' id='word_1_92' title='bbox 1176 1472 1229 1521; x_wconf 86' lang='grc' dir='ltr'>ἐν</span> <span class='ocrx_word' id='word_1_93' title='bbox 1259 1470 1503 1523; x_wconf 85' lang='grc' dir='ltr'>πέπλοισι</span> <span class='ocrx_word' id='word_1_94' title='bbox 1534 1473 1588 1522; x_wconf 82' lang='grc' dir='ltr'>δὲ</span> <span class='ocrx_word' id='word_1_95' title='bbox 1826 1476 1929 1527; x_wconf 87' lang='grc'>1065</span> 
     </span>
     <span class='ocr_line' id='line_1_18' title="bbox 392 1551 1517 1622; baseline 0.004 -20"><span class='ocrx_word' id='word_1_96' title='bbox 392 1551 561 1619; x_wconf 84' lang='grc' dir='ltr'>νύμφη</span> <span class='ocrx_word' id='word_1_97' title='bbox 594 1552 830 1619; x_wconf 89' lang='grc' dir='ltr'>τύραννος</span> <span class='ocrx_word' id='word_1_98' title='bbox 861 1555 1084 1613; x_wconf 86' lang='grc' dir='ltr'>ὄλλυται,</span> <span class='ocrx_word' id='word_1_99' title='bbox 1121 1553 1247 1621; x_wconf 86' lang='grc' dir='ltr'>σάφ’</span> <span class='ocrx_word' id='word_1_100' title='bbox 1279 1554 1370 1606; x_wconf 76' lang='grc' dir='ltr'>οἶδ’</span> <span class='ocrx_word' id='word_1_101' title='bbox 1402 1555 1517 1622; x_wconf 82' lang='grc' dir='ltr'>ἐγώ.</span> 
     </span>
     <span class='ocr_line' id='line_1_19' title="bbox 393 1635 1475 1703; baseline 0.003 -17"><span class='ocrx_word' id='word_1_102' title='bbox 393 1635 526 1694; x_wconf 81' lang='grc' dir='ltr'>ἀλλ’,</span> <span class='ocrx_word' id='word_1_103' title='bbox 560 1636 658 1701; x_wconf 83' lang='grc' dir='ltr'>εῖμι</span> <span class='ocrx_word' id='word_1_104' title='bbox 689 1638 783 1703; x_wconf 79' lang='grc' dir='ltr'>γὰρ</span> <span class='ocrx_word' id='word_1_105' title='bbox 815 1636 871 1700; x_wconf 83' lang='grc' dir='ltr'>δὴ</span> <span class='ocrx_word' id='word_1_106' title='bbox 904 1636 1313 1702; x_wconf 89' lang='grc' dir='ltr'>τλημονεστάτην</span> <span class='ocrx_word' id='word_1_107' title='bbox 1344 1638 1475 1696; x_wconf 88' lang='grc' dir='ltr'>ὁδόν,</span> 
     </span>
     <span class='ocr_line' id='line_1_20' title="bbox 396 1716 1453 1785; baseline 0.002 -16"><span class='ocrx_word' id='word_1_108' title='bbox 396 1718 474 1769; x_wconf 91' lang='grc' dir='ltr'>καὶ</span> <span class='ocrx_word' id='word_1_109' title='bbox 506 1719 686 1769; x_wconf 90' lang='grc' dir='ltr'>τούσδε</span> <span class='ocrx_word' id='word_1_110' title='bbox 714 1716 899 1784; x_wconf 77' lang='grc' dir='ltr'>πέμψω</span> <span class='ocrx_word' id='word_1_111' title='bbox 930 1718 1334 1785; x_wconf 85' lang='grc' dir='ltr'>τλημονεστέραν</span> <span class='ocrx_word' id='word_1_112' title='bbox 1365 1720 1453 1779; x_wconf 81' lang='grc' dir='ltr'>ἔτι,</span> 
     </span>
     <span class='ocr_line' id='line_1_21' title="bbox 393 1802 1668 1868; baseline 0.003 -15"><span class='ocrx_word' id='word_1_113' title='bbox 393 1805 573 1854; x_wconf 89' lang='grc' dir='ltr'>παῖδας</span> <span class='ocrx_word' id='word_1_114' title='bbox 603 1806 898 1868; x_wconf 91' lang='grc' dir='ltr'>προσειπεῖν</span> <span class='ocrx_word' id='word_1_115' title='bbox 926 1802 1270 1867; x_wconf 77' lang='grc' dir='ltr'>βούλομαι.-</span> <span class='ocrx_word' id='word_1_116' title='bbox 1285 1803 1401 1862; x_wconf 85' lang='grc' dir='ltr'>δότ’,</span> <span class='ocrx_word' id='word_1_117' title='bbox 1435 1802 1473 1856; x_wconf 72' lang='grc' dir='ltr'><em>ὦ</em></span> <span class='ocrx_word' id='word_1_118' title='bbox 1504 1804 1668 1865; x_wconf 86' lang='grc' dir='ltr'>τέκνα,</span> 
     </span>
     <span class='ocr_line' id='line_1_22' title="bbox 396 1885 1933 1955; baseline 0 -18"><span class='ocrx_word' id='word_1_119' title='bbox 396 1885 496 1937; x_wconf 83' lang='grc' dir='ltr'>δότ’</span> <span class='ocrx_word' id='word_1_120' title='bbox 529 1885 861 1937; x_wconf 90' lang='grc' dir='ltr'>ἀσπάσασθαι</span> <span class='ocrx_word' id='word_1_121' title='bbox 891 1887 1037 1952; x_wconf 88' lang='grc' dir='ltr'>μητρὶ</span> <span class='ocrx_word' id='word_1_122' title='bbox 1068 1885 1236 1950; x_wconf 82' lang='grc' dir='ltr'>δεξιὰν</span> <span class='ocrx_word' id='word_1_123' title='bbox 1266 1886 1404 1955; x_wconf 83' lang='grc' dir='ltr'>χέρα.</span> <span class='ocrx_word' id='word_1_124' title='bbox 1826 1906 1933 1946; x_wconf 92' lang='lat'><em>1070</em></span> 
     </span>
     <span class='ocr_line' id='line_1_23' title="bbox 478 1968 1599 2038; baseline 0.004 -18"><span class='ocrx_word' id='word_1_125' title='bbox 478 1968 515 2021; x_wconf 69' lang='grc' dir='ltr'><em>ὦ</em></span> <span class='ocrx_word' id='word_1_126' title='bbox 549 1968 766 2037; x_wconf 83' lang='grc' dir='ltr'>φιλτάτη</span> <span class='ocrx_word' id='word_1_127' title='bbox 798 1971 925 2038; x_wconf 85' lang='grc' dir='ltr'>χείρ,</span> <span class='ocrx_word' id='word_1_128' title='bbox 961 1972 1208 2037; x_wconf 87' lang='grc' dir='ltr'>φίλτατον</span> <span class='ocrx_word' id='word_1_129' title='bbox 1237 1970 1291 2023; x_wconf 87' lang='grc' dir='ltr'>δέ</span> <span class='ocrx_word' id='word_1_130' title='bbox 1319 1994 1404 2037; x_wconf 94' lang='grc' dir='ltr'>μοι</span> <span class='ocrx_word' id='word_1_131' title='bbox 1436 1973 1599 2038; x_wconf 88' lang='grc' dir='ltr'>στόμα</span> 
     </span>
     <span class='ocr_line' id='line_1_24' title="bbox 398 2053 1553 2122; baseline 0.003 -17"><span class='ocrx_word' id='word_1_132' title='bbox 398 2054 476 2105; x_wconf 86' lang='grc' dir='ltr'>καὶ</span> <span class='ocrx_word' id='word_1_133' title='bbox 508 2057 681 2122; x_wconf 81' lang='grc' dir='ltr'>σχῆμα</span> <span class='ocrx_word' id='word_1_134' title='bbox 714 2053 791 2106; x_wconf 88' lang='grc' dir='ltr'>καὶ</span> <span class='ocrx_word' id='word_1_135' title='bbox 822 2055 1093 2121; x_wconf 91' lang='grc' dir='ltr'>πρόσωπον</span> <span class='ocrx_word' id='word_1_136' title='bbox 1126 2055 1320 2122; x_wconf 77' lang='grc' dir='ltr'>εὐγενὲς</span> <span class='ocrx_word' id='word_1_137' title='bbox 1349 2055 1553 2116; x_wconf 88' lang='grc' dir='ltr'>τέκνων,</span> 
     </span>
     <span class='ocr_line' id='line_1_25' title="bbox 397 2137 1470 2204; baseline 0.003 -15"><span class='ocrx_word' id='word_1_138' title='bbox 397 2138 783 2204; x_wconf 83' lang='grc' dir='ltr'>εὐδαιμονοῖτον,</span> <span class='ocrx_word' id='word_1_139' title='bbox 805 2137 932 2194; x_wconf 75' lang='grc' dir='ltr'>Δἀλλ’</span> <span class='ocrx_word' id='word_1_140' title='bbox 965 2141 1082 2191; x_wconf 88' lang='grc' dir='ltr'>ἐκεῖ·</span> <span class='ocrx_word' id='word_1_141' title='bbox 1129 2141 1190 2190; x_wconf 81' lang='grc' dir='ltr'>τὰ</span> <span class='ocrx_word' id='word_1_142' title='bbox 1220 2139 1261 2190; x_wconf 89' lang='grc' dir='ltr'>δ’</span> <span class='ocrx_word' id='word_1_143' title='bbox 1296 2139 1470 2192; x_wconf 89' lang='grc' dir='ltr'>ἐνθάδε</span> 
     </span>
     <span class='ocr_line' id='line_1_26' title="bbox 396 2221 1510 2291; baseline 0.002 -18"><span class='ocrx_word' id='word_1_144' title='bbox 396 2222 555 2290; x_wconf 82' lang='grc' dir='ltr'>πατὴρ</span> <span class='ocrx_word' id='word_1_145' title='bbox 587 2222 829 2290; x_wconf 83' lang='grc' dir='ltr'>ἀφείλετ’.</span> <span class='ocrx_word' id='word_1_146' title='bbox 919 2221 957 2274; x_wconf 71' lang='grc' dir='ltr'>ὦ</span> <span class='ocrx_word' id='word_1_147' title='bbox 987 2229 1195 2290; x_wconf 90' lang='grc' dir='ltr'>γλυκεῖα</span> <span class='ocrx_word' id='word_1_148' title='bbox 1225 2223 1510 2291; x_wconf 84' lang='grc' dir='ltr'>προσβολή,</span> 
     </span>
    </p>

    <p class='ocr_par' dir='ltr' id='par_1_8' title="bbox 269 2339 1941 2615">
     <span class='ocr_line' id='line_1_27' title="bbox 328 2339 1932 2394; baseline 0.004 -16"><span class='ocrx_word' id='word_1_149' title='bbox 328 2350 431 2389; x_wconf 87' lang='lat'>1052</span> <span class='ocrx_word' id='word_1_150' title='bbox 460 2339 680 2393; x_wconf 85' lang='grc' dir='ltr'>προσέσθαι</span> <span class='ocrx_word' id='word_1_151' title='bbox 697 2340 887 2378; x_wconf 89' lang='lat' dir='ltr'>Badham</span> <span class='ocrx_word' id='word_1_152' title='bbox 907 2354 916 2378; x_wconf 75' lang='grc' dir='ltr'>ε</span> <span class='ocrx_word' id='word_1_153' title='bbox 946 2339 1137 2394; x_wconf 84' lang='grc' dir='ltr'>προέσθαι</span> <span class='ocrx_word' id='word_1_154' title='bbox 1158 2342 1280 2380; x_wconf 91' lang='lat' dir='ltr'><strong>codd.</strong></span> <span class='ocrx_word' id='word_1_155' title='bbox 1397 2341 1512 2393; x_wconf 81' lang='grc' dir='ltr'>φρενί</span> <span class='ocrx_word' id='word_1_156' title='bbox 1535 2341 1569 2380; x_wconf 94' lang='lat' dir='ltr'>L</span> <span class='ocrx_word' id='word_1_157' title='bbox 1584 2341 1645 2380; x_wconf 88' lang='lat' dir='ltr'>P:</span> <span class='ocrx_word' id='word_1_158' title='bbox 1676 2341 1726 2380; x_wconf 89' lang='lat' dir='ltr'>cf.</span> <span class='ocrx_word' id='word_1_159' title='bbox 1751 2343 1845 2384; x_wconf 78' lang='grc' dir='ltr'>Στὸ</span> <span class='ocrx_word' id='word_1_160' title='bbox 1867 2343 1932 2384; x_wconf 83' lang='grc' dir='ltr'>καὶ</span> 
     </span>
     <span class='ocr_line' id='line_1_28' title="bbox 272 2394 1940 2449; baseline 0.002 -15"><span class='ocrx_word' id='word_1_161' title='bbox 272 2397 450 2435; x_wconf 84' lang='grc' dir='ltr'>ἐνδοῦναι</span> <span class='ocrx_word' id='word_1_162' title='bbox 465 2397 518 2448; x_wconf 78' lang='grc' dir='ltr'>τῇ</span> <span class='ocrx_word' id='word_1_163' title='bbox 535 2395 651 2448; x_wconf 85' lang='grc' dir='ltr'>φρενί</span> <span class='ocrx_word' id='word_1_164' title='bbox 669 2412 746 2446; x_wconf 89' lang='grc' dir='ltr'>μου</span> <span class='ocrx_word' id='word_1_165' title='bbox 763 2396 992 2446; x_wconf 83' lang='grc' dir='ltr'>μαλθακοὺς</span> <span class='ocrx_word' id='word_1_166' title='bbox 1007 2395 1177 2448; x_wconf 62' lang='lat' dir='ltr'>Myous:</span> <span class='ocrx_word' id='word_1_167' title='bbox 1201 2394 1345 2449; x_wconf 86' lang='grc' dir='ltr'>φρενός</span> <span class='ocrx_word' id='word_1_168' title='bbox 1359 2395 1451 2435; x_wconf 91' lang='lat' dir='ltr'>AV</span> <span class='ocrx_word' id='word_1_169' title='bbox 1464 2395 1528 2435; x_wconf 82' lang='grc' dir='ltr'>ΒΖ</span> <span class='ocrx_word' id='word_1_170' title='bbox 1640 2408 1744 2445; x_wconf 87' lang='lat'>1053</span> <span class='ocrx_word' id='word_1_171' title='bbox 1764 2397 1940 2438; x_wconf 87' lang='lat' dir='ltr'>Abeunt</span> 
     </span>
     <span class='ocr_line' id='line_1_29' title="bbox 270 2449 1941 2504; baseline -0.002 -15"><span class='ocrx_word' id='word_1_172' title='bbox 270 2451 411 2490; x_wconf 89' lang='lat' dir='ltr'>liberi:</span> <span class='ocrx_word' id='word_1_173' title='bbox 425 2453 606 2491; x_wconf 88' lang='lat' dir='ltr'>redeunt</span> <span class='ocrx_word' id='word_1_174' title='bbox 618 2465 642 2491; x_wconf 88' lang='lat' dir='ltr'>a</span> <span class='ocrx_word' id='word_1_175' title='bbox 656 2451 792 2491; x_wconf 85' lang='lat' dir='ltr'>servis</span> <span class='ocrx_word' id='word_1_176' title='bbox 804 2453 943 2491; x_wconf 84' lang='lat' dir='ltr'>vocati</span> <span class='ocrx_word' id='word_1_177' title='bbox 959 2452 1139 2491; x_wconf 87' lang='lat' dir='ltr'>Medeae</span> <span class='ocrx_word' id='word_1_178' title='bbox 1152 2455 1270 2491; x_wconf 86' lang='lat' dir='ltr'>iussu</span> <span class='ocrx_word' id='word_1_179' title='bbox 1285 2453 1541 2504; x_wconf 78' lang='grc' dir='ltr'>(προσειπεῖν</span> <span class='ocrx_word' id='word_1_180' title='bbox 1552 2449 1769 2501; x_wconf 84' lang='grc' dir='ltr'>βούλομαι)</span> <span class='ocrx_word' id='word_1_181' title='bbox 1785 2462 1827 2488; x_wconf 88' lang='lat' dir='ltr'>v.</span> <span class='ocrx_word' id='word_1_182' title='bbox 1836 2450 1941 2499; x_wconf 90' lang='lat'>1069</span> 
     </span>
     <span class='ocr_line' id='line_1_30' title="bbox 270 2505 1930 2560; baseline -0.002 -13"><span class='ocrx_word' id='word_1_183' title='bbox 270 2509 429 2548; x_wconf 88' lang='lat' dir='ltr'><strong>Mavult</strong></span> <span class='ocrx_word' id='word_1_184' title='bbox 447 2509 687 2559; x_wconf 88' lang='lat' dir='ltr'>Wecklein,</span> <span class='ocrx_word' id='word_1_185' title='bbox 712 2509 943 2559; x_wconf 86' lang='lat' dir='ltr'>Bergkium</span> <span class='ocrx_word' id='word_1_186' title='bbox 963 2514 1148 2560; x_wconf 84' lang='lat' dir='ltr'>secutus,</span> <span class='ocrx_word' id='word_1_187' title='bbox 1168 2523 1234 2550; x_wconf 88' lang='lat' dir='ltr'>vv.</span> <span class='ocrx_word' id='word_1_188' title='bbox 1257 2509 1499 2558; x_wconf 79' lang='lat'>1056-1080</span> <span class='ocrx_word' id='word_1_189' title='bbox 1518 2506 1832 2558; x_wconf 87' lang='lat' dir='ltr'>dittographiae</span> <span class='ocrx_word' id='word_1_190' title='bbox 1852 2505 1930 2545; x_wconf 88' lang='lat' dir='ltr'>cri-</span> 
     </span>
     <span class='ocr_line' id='line_1_31' title="bbox 269 2560 1934 2615; baseline -0.002 -13"><span class='ocrx_word' id='word_1_191' title='bbox 269 2565 383 2603; x_wconf 90' lang='lat' dir='ltr'>mine</span> <span class='ocrx_word' id='word_1_192' title='bbox 400 2565 599 2602; x_wconf 83' lang='lat' dir='ltr'>damnare</span> <span class='ocrx_word' id='word_1_193' title='bbox 729 2574 832 2613; x_wconf 86' lang='lat'>1054</span> <span class='ocrx_word' id='word_1_194' title='bbox 855 2564 1024 2614; x_wconf 83' lang='grc' dir='ltr'>θύμασιν</span> <span class='ocrx_word' id='word_1_195' title='bbox 1042 2564 1076 2602; x_wconf 94' lang='lat' dir='ltr'><strong>L</strong></span> <span class='ocrx_word' id='word_1_196' title='bbox 1092 2564 1125 2602; x_wconf 92' lang='lat' dir='ltr'>P</span> <span class='ocrx_word' id='word_1_197' title='bbox 1142 2577 1151 2602; x_wconf 73' lang='grc' dir='ltr'><strong>ε</strong></span> <span class='ocrx_word' id='word_1_198' title='bbox 1173 2565 1352 2615; x_wconf 82' lang='grc' dir='ltr'>δώμασιν</span> <span class='ocrx_word' id='word_1_199' title='bbox 1366 2562 1457 2601; x_wconf 95' lang='lat' dir='ltr'>AV</span> <span class='ocrx_word' id='word_1_200' title='bbox 1471 2563 1536 2600; x_wconf 93' lang='lat' dir='ltr'>Bl</span> <span class='ocrx_word' id='word_1_201' title='bbox 1666 2562 1771 2610; x_wconf 90' lang='lat'><strong>1056</strong></span> <span class='ocrx_word' id='word_1_202' title='bbox 1791 2560 1934 2610; x_wconf 84' lang='lat' dir='ltr'>Super</span> 
     </span>
    </p>
   </div>
   <div class='ocr_carea' id='block_1_5' title="bbox 269 2614 1935 3051">
    <p class='ocr_par' dir='ltr' id='par_1_9' title="bbox 269 2614 1935 3051">
     <span class='ocr_line' id='line_1_32' title="bbox 270 2614 1931 2669; baseline -0.004 -9"><span class='ocrx_word' id='word_1_203' title='bbox 270 2619 294 2660; x_wconf 76' lang='grc' dir='ltr'><em>ἃ</em></span> <span class='ocrx_word' id='word_1_204' title='bbox 314 2619 339 2660; x_wconf 79' lang='grc' dir='ltr'><em>ἆ</em></span> <span class='ocrx_word' id='word_1_205' title='bbox 359 2631 569 2668; x_wconf 83' lang='lat' dir='ltr'>suprascr.</span> <span class='ocrx_word' id='word_1_206' title='bbox 587 2620 617 2659; x_wconf 82' lang='grc' dir='ltr'>ὢ</span> <span class='ocrx_word' id='word_1_207' title='bbox 637 2620 666 2659; x_wconf 81' lang='grc' dir='ltr'>ὢ</span> <span class='ocrx_word' id='word_1_208' title='bbox 687 2619 728 2657; x_wconf 95' lang='grc' dir='ltr'><strong>Α</strong></span> <span class='ocrx_word' id='word_1_209' title='bbox 883 2620 939 2669; x_wconf 77' lang='grc' dir='ltr'>μὴ</span> <span class='ocrx_word' id='word_1_210' title='bbox 961 2618 1012 2658; x_wconf 86' lang='grc' dir='ltr'>σύ</span> <span class='ocrx_word' id='word_1_211' title='bbox 1030 2619 1074 2669; x_wconf 72' lang='grc' dir='ltr'>γ’</span> <span class='ocrx_word' id='word_1_212' title='bbox 1098 2618 1132 2656; x_wconf 94' lang='lat' dir='ltr'>L</span> <span class='ocrx_word' id='word_1_213' title='bbox 1147 2619 1180 2657; x_wconf 93' lang='lat' dir='ltr'>P</span> <span class='ocrx_word' id='word_1_214' title='bbox 1198 2633 1207 2657; x_wconf 73' lang='grc' dir='ltr'>ε</span> <span class='ocrx_word' id='word_1_215' title='bbox 1234 2618 1383 2669; x_wconf 80' lang='grc' dir='ltr'>μήποτ’</span> <span class='ocrx_word' id='word_1_216' title='bbox 1403 2616 1495 2655; x_wconf 93' lang='lat' dir='ltr'>AV</span> <span class='ocrx_word' id='word_1_217' title='bbox 1510 2617 1544 2655; x_wconf 92' lang='grc' dir='ltr'>Β</span> <span class='ocrx_word' id='word_1_218' title='bbox 1704 2614 1803 2657; x_wconf 80' lang='grc' dir='ltr'>τάδε</span> <span class='ocrx_word' id='word_1_219' title='bbox 1825 2615 1858 2654; x_wconf 97' lang='lat' dir='ltr'><strong>L</strong></span> <span class='ocrx_word' id='word_1_220' title='bbox 1872 2614 1931 2653; x_wconf 87' lang='lat' dir='ltr'>P:</span> 
     </span>
     <span class='ocr_line' id='line_1_33' title="bbox 269 2668 1935 2726; baseline -0.005 -12"><span class='ocrx_word' id='word_1_221' title='bbox 269 2673 364 2714; x_wconf 83' lang='grc' dir='ltr'>τόδε</span> <span class='ocrx_word' id='word_1_222' title='bbox 385 2673 524 2711; x_wconf 91' lang='lat' dir='ltr'>AVB</span> <span class='ocrx_word' id='word_1_223' title='bbox 722 2674 827 2722; x_wconf 90' lang='lat'>1058</span> <span class='ocrx_word' id='word_1_224' title='bbox 858 2673 925 2724; x_wconf 85' lang='grc' dir='ltr'>σε]</span> <span class='ocrx_word' id='word_1_225' title='bbox 947 2690 998 2723; x_wconf 88' lang='grc' dir='ltr'>με</span> <span class='ocrx_word' id='word_1_226' title='bbox 1018 2673 1058 2711; x_wconf 95' lang='lat' dir='ltr'>V</span> <span class='ocrx_word' id='word_1_227' title='bbox 1254 2684 1359 2721; x_wconf 91' lang='lat'><strong>1059</strong></span> <span class='ocrx_word' id='word_1_228' title='bbox 1387 2670 1463 2726; x_wconf 85' lang='grc' dir='ltr'>ᾅδη</span> <span class='ocrx_word' id='word_1_229' title='bbox 1483 2671 1523 2710; x_wconf 96' lang='lat' dir='ltr'>V</span> <span class='ocrx_word' id='word_1_230' title='bbox 1537 2671 1572 2710; x_wconf 93' lang='grc' dir='ltr'><strong>Β</strong></span> <span class='ocrx_word' id='word_1_231' title='bbox 1592 2685 1601 2710; x_wconf 91' lang='lat'><strong>:</strong></span> <span class='ocrx_word' id='word_1_232' title='bbox 1635 2670 1736 2720; x_wconf 77' lang='grc' dir='ltr'>ἅδην</span> <span class='ocrx_word' id='word_1_233' title='bbox 1755 2669 1796 2708; x_wconf 91' lang='grc' dir='ltr'><strong>Α</strong></span> <span class='ocrx_word' id='word_1_234' title='bbox 1810 2669 1844 2707; x_wconf 93' lang='lat' dir='ltr'>L</span> <span class='ocrx_word' id='word_1_235' title='bbox 1859 2668 1894 2707; x_wconf 92' lang='lat' dir='ltr'>P</span> <span class='ocrx_word' id='word_1_236' title='bbox 1908 2682 1935 2708; x_wconf 89' lang='lat' dir='ltr'><em>v</em></span> 
     </span>
     <span class='ocr_line' id='line_1_34' title="bbox 275 2714 1934 2781; baseline -0.003 -14"><span class='ocrx_word' id='word_1_237' title='bbox 275 2729 379 2767; x_wconf 88' lang='lat'>1060</span> <span class='ocrx_word' id='word_1_238' title='bbox 415 2727 506 2767; x_wconf 82' lang='grc' dir='ltr'>πόθ’</span> <span class='ocrx_word' id='word_1_239' title='bbox 534 2728 598 2766; x_wconf 89' lang='lat' dir='ltr'>V:</span> <span class='ocrx_word' id='word_1_240' title='bbox 638 2744 702 2781; x_wconf 78' lang='grc' dir='ltr'>γρ.</span> <span class='ocrx_word' id='word_1_241' title='bbox 733 2733 815 2769; x_wconf 86' lang='grc' dir='ltr'>πῶς</span> <span class='ocrx_word' id='word_1_242' title='bbox 843 2741 896 2766; x_wconf 86' lang='lat' dir='ltr'>v:</span> <span class='ocrx_word' id='word_1_243' title='bbox 934 2729 1021 2768; x_wconf 85' lang='grc' dir='ltr'>ποθ’</span> <span class='ocrx_word' id='word_1_244' title='bbox 1050 2727 1091 2766; x_wconf 94' lang='grc' dir='ltr'><strong>Α</strong></span> <span class='ocrx_word' id='word_1_245' title='bbox 1236 2726 1368 2778; x_wconf 83' lang='grc' dir='ltr'>τοῦθ’]</span> <span class='ocrx_word' id='word_1_246' title='bbox 1399 2714 1485 2766; x_wconf 85' lang='grc' dir='ltr'>τόδ’</span> <span class='ocrx_word' id='word_1_247' title='bbox 1515 2725 1583 2765; x_wconf 88' lang='lat' dir='ltr'>V:</span> <span class='ocrx_word' id='word_1_248' title='bbox 1619 2742 1683 2778; x_wconf 78' lang='grc' dir='ltr'>γρ.</span> <span class='ocrx_word' id='word_1_249' title='bbox 1717 2725 1830 2766; x_wconf 80' lang='grc' dir='ltr'>τοῦτ’</span> <span class='ocrx_word' id='word_1_250' title='bbox 1859 2726 1880 2764; x_wconf 82' lang='grc' dir='ltr'><strong><em>ὁ</em></strong></span> <span class='ocrx_word' id='word_1_251' title='bbox 1908 2737 1934 2762; x_wconf 87' lang='lat' dir='ltr'><em>v</em></span> 
     </span>
     <span class='ocr_line' id='line_1_35' title="bbox 275 2781 1934 2833; baseline -0.001 -13"><span class='ocrx_word' id='word_1_252' title='bbox 275 2784 391 2833; x_wconf 88' lang='lat'>1062,</span> <span class='ocrx_word' id='word_1_253' title='bbox 418 2784 522 2832; x_wconf 83' lang='lat'>1063</span> <span class='ocrx_word' id='word_1_254' title='bbox 552 2782 803 2832; x_wconf 83' lang='lat' dir='ltr'>proscripsit</span> <span class='ocrx_word' id='word_1_255' title='bbox 824 2782 1032 2820; x_wconf 87' lang='lat' dir='ltr'>Pierson:</span> <span class='ocrx_word' id='word_1_256' title='bbox 1066 2781 1118 2822; x_wconf 89' lang='lat' dir='ltr'>cf.</span> <span class='ocrx_word' id='word_1_257' title='bbox 1146 2794 1263 2831; x_wconf 88' lang='lat'>1240,</span> <span class='ocrx_word' id='word_1_258' title='bbox 1289 2793 1387 2830; x_wconf 87' lang='lat'>1241</span> <span class='ocrx_word' id='word_1_259' title='bbox 1579 2782 1683 2829; x_wconf 87' lang='lat'>1063</span> <span class='ocrx_word' id='word_1_260' title='bbox 1713 2781 1934 2829; x_wconf 84' lang='grc' dir='ltr'>κτενοῦμεν</span> 
     </span>
     <span class='ocr_line' id='line_1_36' title="bbox 270 2833 1934 2888; baseline -0.001 -14"><span class='ocrx_word' id='word_1_261' title='bbox 270 2836 447 2875; x_wconf 78' lang='lat' dir='ltr'>A¹LP:</span> <span class='ocrx_word' id='word_1_262' title='bbox 483 2840 708 2888; x_wconf 83' lang='grc' dir='ltr'>κτανοῦμεν</span> <span class='ocrx_word' id='word_1_263' title='bbox 735 2837 840 2885; x_wconf 91' lang='lat' dir='ltr'>VB,</span> <span class='ocrx_word' id='word_1_264' title='bbox 872 2843 915 2875; x_wconf 88' lang='lat' dir='ltr'>et</span> <span class='ocrx_word' id='word_1_265' title='bbox 943 2836 1037 2875; x_wconf 87' lang='lat' dir='ltr'>Sine</span> <span class='ocrx_word' id='word_1_266' title='bbox 1067 2836 1194 2875; x_wconf 90' lang='lat' dir='ltr'>dubio</span> <span class='ocrx_word' id='word_1_267' title='bbox 1221 2835 1262 2873; x_wconf 91' lang='lat' dir='ltr'><strong>A</strong></span> <span class='ocrx_word' id='word_1_268' title='bbox 1485 2835 1589 2885; x_wconf 89' lang='lat'>1064</span> <span class='ocrx_word' id='word_1_269' title='bbox 1627 2834 1831 2887; x_wconf 80' lang='grc' dir='ltr'>πέπρωται</span> <span class='ocrx_word' id='word_1_270' title='bbox 1862 2833 1934 2871; x_wconf 87' lang='lat' dir='ltr'>Lv</span> 
     </span>
     <span class='ocr_line' id='line_1_37' title="bbox 275 2888 1928 2941; baseline -0.002 -12"><span class='ocrx_word' id='word_1_271' title='bbox 275 2892 377 2941; x_wconf 91' lang='lat'>1065</span> <span class='ocrx_word' id='word_1_272' title='bbox 408 2891 452 2932; x_wconf 87' lang='grc' dir='ltr'>δὲ</span> <span class='ocrx_word' id='word_1_273' title='bbox 472 2891 563 2930; x_wconf 92' lang='lat' dir='ltr'>AV</span> <span class='ocrx_word' id='word_1_274' title='bbox 577 2892 611 2929; x_wconf 94' lang='lat' dir='ltr'>B</span> <span class='ocrx_word' id='word_1_275' title='bbox 630 2906 640 2931; x_wconf 73' lang='grc' dir='ltr'><strong>ε</strong></span> <span class='ocrx_word' id='word_1_276' title='bbox 668 2909 716 2932; x_wconf 82' lang='grc' dir='ltr'>τε</span> <span class='ocrx_word' id='word_1_277' title='bbox 737 2890 771 2930; x_wconf 96' lang='lat' dir='ltr'>L</span> <span class='ocrx_word' id='word_1_278' title='bbox 786 2891 821 2930; x_wconf 93' lang='lat' dir='ltr'>P</span> <span class='ocrx_word' id='word_1_279' title='bbox 1035 2893 1138 2940; x_wconf 92' lang='lat'>1067</span> <span class='ocrx_word' id='word_1_280' title='bbox 1168 2888 1517 2939; x_wconf 79' lang='grc' dir='ltr'>τληπαθεστάτην</span> <span class='ocrx_word' id='word_1_281' title='bbox 1536 2889 1627 2928; x_wconf 91' lang='lat' dir='ltr'><strong>cod.</strong></span> <span class='ocrx_word' id='word_1_282' title='bbox 1651 2889 1684 2927; x_wconf 90' lang='lat' dir='ltr'><strong>F</strong></span> <span class='ocrx_word' id='word_1_283' title='bbox 1686 2889 1761 2928; x_wconf 90' lang='lat' dir='ltr'><strong>lor.</strong></span> <span class='ocrx_word' id='word_1_284' title='bbox 1789 2888 1928 2936; x_wconf 88' lang='lat' dir='ltr'><strong>Etym.</strong></span> 
     </span>
     <span class='ocr_line' id='line_1_38' title="bbox 271 2942 1934 2999; baseline -0.001 -15"><span class='ocrx_word' id='word_1_285' title='bbox 271 2946 417 2995; x_wconf 90' lang='lat' dir='ltr'>Magni</span> <span class='ocrx_word' id='word_1_286' title='bbox 613 2958 715 2996; x_wconf 91' lang='lat'>1071</span> <span class='ocrx_word' id='word_1_287' title='bbox 748 2945 884 2995; x_wconf 80' lang='grc' dir='ltr'>στόμα</span> <span class='ocrx_word' id='word_1_288' title='bbox 904 2944 1009 2985; x_wconf 86' lang='lat' dir='ltr'>LP:</span> <span class='ocrx_word' id='word_1_289' title='bbox 1043 2944 1144 2999; x_wconf 85' lang='grc' dir='ltr'>κάρα</span> <span class='ocrx_word' id='word_1_290' title='bbox 1161 2944 1301 2983; x_wconf 91' lang='lat' dir='ltr'>AVB</span> <span class='ocrx_word' id='word_1_291' title='bbox 1497 2957 1602 2993; x_wconf 88' lang='lat'>1073</span> <span class='ocrx_word' id='word_1_292' title='bbox 1632 2942 1934 2993; x_wconf 80' lang='grc' dir='ltr'>εὐδαιμονοίτην</span> 
     </span>
     <span class='ocr_line' id='line_1_39' title="bbox 272 2999 1311 3051; baseline -0.002 -12"><span class='ocrx_word' id='word_1_293' title='bbox 272 3001 474 3051; x_wconf 87' lang='lat' dir='ltr'>Elmsley.</span> <span class='ocrx_word' id='word_1_294' title='bbox 534 3001 621 3040; x_wconf 90' lang='lat' dir='ltr'>Sed</span> <span class='ocrx_word' id='word_1_295' title='bbox 642 3002 738 3039; x_wconf 92' lang='lat' dir='ltr'>vide</span> <span class='ocrx_word' id='word_1_296' title='bbox 762 2999 1097 3051; x_wconf 79' lang='lat' dir='ltr'>Kfihner-Blass‚</span> <span class='ocrx_word' id='word_1_297' title='bbox 1125 3003 1145 3047; x_wconf 66' lang='grc' dir='ltr'><strong>ξ</strong></span> <span class='ocrx_word' id='word_1_298' title='bbox 1169 3012 1260 3050; x_wconf 86' lang='lat'>213.</span> <span class='ocrx_word' id='word_1_299' title='bbox 1285 3001 1311 3037; x_wconf 92' lang='lat'>8</span> 
     </span>
    </p>
   </div>
   <div class='ocr_carea' id='block_1_6' title="bbox 2067 2795 2118 3366">
    <p class='ocr_par' dir='ltr' id='par_1_10' title="bbox 2067 2795 2118 3366">
     <span class='ocr_line' id='line_1_40' title="bbox 2067 2795 2118 3366; baseline 0 0"><span class='ocrx_word' id='word_1_300' title='bbox 2067 2795 2118 3366; x_wconf 95' lang='lat' dir='ltr'> </span> 
     </span>
    </p>
   </div>
  </div>
 </body>
</html>
