2118 3366
891 129 1327 178 ΕΥΡΙΠΙΔΟΥ

397 256 424 309 ὃ
455 257 496 309 δ’
527 258 583 310 οὐ
615 256 778 310 θέλων
806 279 862 310 τε
893 257 972 310 καὶ
1004 256 1167 310 θέλων
1198 261 1344 329 οἴκτῳ
1379 260 1537 326 κόρης,

395 340 563 407 τέμνει
596 339 781 411 σιδήρῳ
815 342 1093 407 πνεύματος
1123 342 1366 410 διαρροάς·

399 425 591 491 κρουνοὶ
621 424 663 476 δ’
695 425 931 493 ἐχώρουν.
1006 424 1037 490 ἢ
1069 429 1123 479 δὲ
1155 427 1233 479 καὶ
1266 426 1534 498 θνῄσκουσ’
1565 429 1697 493 ὅμως

397 507 594 572 πολλὴν
624 509 863 575 πρόνοιαν
894 509 1031 577 εἶχεν
1065 508 1331 578 εὐσχήμων
1362 516 1553 571 πεσεῖν,

398 591 662 656 κρύπτουσ’
692 593 724 644 ἃ
755 592 986 660 κρύπτειν
1018 593 1196 659 ὄμματ’
1226 593 1453 660 ἀρσένων
1481 595 1660 662 χρεών.
1861 610 1942 651 570

397 677 504 727 ἐπεὶ
534 675 576 726 δ’
606 676 770 742 ἆφῆκε
799 681 994 742 πνεῦμα
1026 678 1284 746 θανασίμῳ
1317 684 1510 750 σφαγῇ,

397 759 556 813 οὐδεὶς
585 758 670 810 τὸν
701 759 849 811 αὐτὸν
884 760 1020 828 εἶχεν
1051 760 1292 828 Ἀργείων
1321 762 1491 814 πόνον·

396 843 510 894 ἀλλ’
542 843 587 895 οἳ
616 845 708 908 μὲν
738 843 901 895 αὐτῶν
932 844 1022 909 τὴν
1052 847 1305 897 θανοῦσαν
1335 847 1388 897 ἐκ
1417 850 1580 914 χερῶν

398 927 615 994 φύλλοις
646 927 890 993 ἔβαλλον,
924 929 970 981 οἳ
1001 931 1055 980 δὲ
1084 934 1363 996 πληροῦσιν
1394 932 1553 997 πυρὰν

399 1011 604 1078 κορμοὺς
637 1010 877 1079 φέροντες
908 1014 1181 1072 πευκίνους,
1216 1014 1242 1064 ὁ
1273 1013 1312 1064 δ’
1344 1013 1400 1064 οὐ
1430 1013 1600 1082 φέρων
1863 1029 1940 1070 575

397 1095 518 1162 πρὸς
547 1100 634 1146 τοῦ
667 1096 911 1163 φέροντος
941 1096 1095 1148 τοιάδ’
1127 1097 1302 1162 ἤκουεν
1335 1097 1476 1150 κακά·

388 1178 662 1244 ‘'Ea-myxas,
695 1178 732 1231 ὦ
767 1180 984 1240 κάκιστε,
1018 1189 1078 1254 τῇ
1108 1180 1294 1233 νεάνιδι

399 1265 454 1316 οὐ
486 1263 681 1315 πέπλον
713 1264 824 1316 οὐδὲ
858 1262 1045 1330 κόσμον
1079 1268 1130 1317 ἐν
1160 1271 1330 1333 χεροῖν
1361 1266 1517 1334 ἔχων,’

398 1349 483 1400 οὐκ
517 1348 564 1399 εἶ
588 1370 635 1399 τι
667 1349 843 1400 δώσων
874 1357 935 1421 τῇ
965 1349 1170 1416 περίσσ’
1201 1350 1437 1420 εὐκαρδίῳ

525 1431 538 1450 Ι
630 1432 642 1450 ἳ
683 1433 696 1452 Ί
744 1433 758 1451 Ι
1019 1432 1030 1453 Ι
1066 1433 1078 1452 9
1119 1435 1133 1453 ἳ
1221 1434 1234 1452 Χ
1311 1437 1332 1449 Λ
1440 1434 1452 1453 Ι

395 1437 571 1500 ψυχην
601 1454 628 1483 τ
674 1454 877 1504 αριστῃ;
924 1437 1061 1484 τοιαδ
1109 1439 1237 1500 αμφι
1268 1456 1362 1498 σης
1390 1440 1556 1500 λεγων
1863 1441 1944 1490 580

398 1516 570 1569 παιδὸς
602 1517 865 1581 θανούσης,
900 1517 1265 1582 εὐτεκνωτάτην
1293 1518 1349 1569 τέ
1378 1540 1439 1570 σε

399 1606 573 1653 πασῶν
604 1607 850 1667 γυναικῶν
882 1601 1290 1669 δυστυχεστάτην
1322 1602 1364 1653 θ’
1396 1603 1507 1668 ὁρῶ.

272 1689 363 1736 Χο.
397 1686 558 1736 δεινόν
590 1707 637 1736 τι
668 1689 806 1750 πῆμα
838 1688 1138 1753 Πριαμίδαις
1167 1685 1403 1749 ἐπέζεσεν

396 1770 541 1821 πόλει
572 1792 626 1821 τε
656 1769 786 1842 τήμῇ
819 1773 944 1822 θεῶν
974 1770 1273 1837 ἀνάγκαισιν
1302 1771 1429 1822 τόδε.

275 1857 361 1904 Εκ.
393 1852 430 1904 ὦ
463 1854 689 1921 θύγατερ,
723 1855 808 1905 οὐκ
841 1854 933 1905 οἶδ’
967 1857 1035 1908 εἷς
1066 1856 1093 1905 ὅ
1123 1876 1168 1905 τι
1199 1854 1387 1922 βλέψω
1420 1860 1596 1914 κακῶν,
1864 1861 1942 1910 585

396 1943 600 1989 πολλῶν
632 1939 907 2004 παρόντων·
954 1935 1016 2002 ἢν
1047 1941 1141 2005 γὰρ
1172 1938 1383 2006 ἅψωμαί
1407 1961 1556 1998 τινος,

396 2021 496 2072 τόδ’
529 2022 615 2073 οὐκ
649 2023 706 2092 ἐᾷ
734 2045 811 2087 με,
847 2028 1130 2089 παρακαλεῖ
1157 2023 1199 2074 δ’
1231 2025 1417 2075 ἐκεῖθεν
1450 2025 1509 2075 αὖ

395 2106 526 2170 λύπη
558 2128 633 2160 τις
667 2106 796 2171 ἄλλη
835 2106 1067 2174 διάδοχος
1100 2112 1259 2159 κακῶν
1291 2113 1472 2161 κακοῖς.

398 2190 476 2241 καὶ
507 2195 595 2243 νῦν
626 2191 683 2242 τὸ
714 2194 806 2256 μὲν
839 2191 932 2243 σὸν
964 2192 1096 2243 ὥστε
1126 2191 1191 2257 μὴ
1224 2191 1418 2244 στένειν
1449 2191 1607 2246 πάθος

326 2309 406 2357 566
436 2311 479 2348 οὐ
516 2307 643 2349 θέλων
677 2310 741 2350 καὶ
776 2310 831 2359 μὴ
866 2309 994 2351 θέλων
1026 2310 1180 2349 lemma
1218 2310 1338 2354 EM:
1376 2309 1444 2351 οὖν
1479 2314 1514 2350 θ.
1536 2327 1583 2350 τε
1616 2312 1686 2350 κού
1719 2314 1752 2350 θ.
1777 2309 1947 2359 Kayser

270 2365 351 2412 568
390 2362 627 2416 Ouy'mcovtr']
659 2364 853 2405 πίπτουσ’
887 2378 926 2404 ν.
963 2365 989 2404 l.
1029 2379 1095 2415 ap.
1137 2365 1457 2415 Hermogenem
1490 2364 1631 2415 (Walz
1666 2364 1726 2412 iii,
1762 2377 1802 2414 p.
1844 2365 1943 2414 181)

271 2420 351 2467 569
383 2418 601 2470 εὐσχήμων
623 2419 786 2458 Plinius
810 2419 944 2468 Epist.
963 2421 1016 2459 iv.
1040 2434 1084 2458 11
1105 2420 1175 2465 (cf.
1200 2420 1298 2470 Pap.
1327 2419 1557 2458 Herculan.
1577 2420 1625 2456 81
1644 2419 1795 2469 μήποτ’
1813 2419 1946 2471 ἀσχή-

270 2473 372 2523 μων)
395 2486 403 2511 :
441 2473 655 2524 εὐσχήμως
677 2473 717 2511 Α
732 2474 766 2511 Β
783 2474 817 2511 L
835 2475 868 2512 P
890 2488 984 2513 cum
1009 2475 1302 2525 Hermogene,
1330 2475 1505 2514 Lucian.
1531 2474 1754 2512 Demosth.
1781 2486 1945 2512 encom.

232 2561 236 2563 .
272 2540 339 2576 47,
361 2527 511 2567 Galen.
536 2528 652 2567 xviii.
677 2542 714 2568 2.
735 2529 761 2566 8
780 2544 789 2567 :
815 2529 1078 2581 εὐσχημόνως
1093 2530 1184 2568 VO
1203 2543 1295 2568 cum
1317 2530 1538 2568 Clemente
1561 2529 1715 2567 Strom.
1742 2528 1786 2574 ii,
1805 2540 1845 2577 p.
1871 2529 1946 2566 182

275 2584 337 2633 (et
359 2583 452 2622 cod.
472 2595 558 2620 uno
577 2582 884 2633 Hermogenis&
914 2600 923 2624 t
956 2586 1137 2636 εὐσήμως
1156 2585 1197 2623 Μ
1311 2597 1392 2634 570
1422 2583 1637 2637 κρύπτουσ’
1655 2583 1688 2621 Ρ
1703 2600 1768 2637 γρ.
1794 2582 1829 2620 Β
1844 2582 1882 2621 O
1899 2582 1943 2633 F,

273 2650 366 2675 cum
389 2637 523 2677 Clem.
545 2637 753 2688 Hermog.
780 2639 972 2678 Eustath.
997 2640 1066 2690 (11.
1089 2654 1130 2690 p.
1149 2642 1273 2689 216):
1305 2637 1537 2692 κρύπτουσά
1558 2639 1591 2678 θ’
1607 2637 1647 2675 Α
1665 2647 1708 2676 et
1729 2650 1940 2688 suprascr.

274 2692 333 2730 B:
364 2692 551 2745 κρύπτειν
573 2694 605 2732 θ’
628 2694 719 2733 rell.
834 2694 985 2747 χρεών]
1012 2697 1138 2748 ἐχρῆν
1158 2695 1360 2734 Clemens
1525 2705 1605 2742 574
1636 2693 1671 2734 δ’
1694 2695 1948 2744 ἐπληροῦσαν

274 2747 369 2797 (sic)
403 2748 691 2788 Choerobosc.
731 2750 773 2798 ii,
806 2762 846 2800 p.
881 2761 960 2800 537
1173 2750 1253 2798 578
1292 2748 1474 2789 πέταλον
1502 2747 1595 2788 οὐδὲ
1626 2748 1772 2800 κορμὸν
1803 2746 1948 2796 Bergk

273 2803 354 2850 580
383 2803 519 2857 λέγων
548 2805 589 2843 Μ
611 2805 646 2843 Β
661 2804 712 2843 V²
727 2810 757 2847 Σ
779 2818 787 2842 :
817 2803 944 2856 λέγον
973 2803 1032 2842 Μ2
1050 2802 1102 2842 Β2
1122 2804 1213 2843 rell.
1236 2803 1403 2854 (ἔλεγον
1424 2804 1525 2855 ἀμφὶ
1554 2805 1628 2850 σῆς
1656 2802 1824 2841 Censor
1845 2801 1948 2840 Por-

273 2858 387 2908 soni)
407 2873 415 2899 ε
447 2858 559 2912 λέγω
584 2859 727 2898 Heath
898 2860 974 2907 581
1009 2858 1292 2911 εὐγονωτοίτην
1313 2858 1347 2896 Ρ
1392 2882 1399 2889 1
1459 2856 1507 2897 τέ
1530 2857 1692 2896 Reiske
1712 2871 1719 2895 :
1752 2855 1799 2897 δέ
1818 2856 1941 2895 codd.

272 2913 353 2962 582
393 2914 426 2953 θ’
458 2928 538 2953 om.
578 2913 803 2963 Byzantini
834 2919 877 2952 et
906 2913 1196 2952 Choerobosc.
1230 2913 1273 2961 ii,
1306 2925 1345 2961 p.
1380 2923 1456 2961 551
1609 2912 1688 2960 584
1728 2912 1947 2963 ἀναγκαῖον

274 2968 397 3008 codd.
423 2975 465 3007 et
486 2974 517 3012 Σ
542 2983 550 3007 :
582 2981 691 3009 corr.
716 2968 990 3007 Herwerden
1159 2968 1237 3016 587
1263 2969 1311 3020 ἐᾷ
1329 2967 1399 3018 με]
1424 2969 1546 3017 ἐῶμαι
1568 2965 1694 3005 Earle
