2118 3366
862 110 1318 163 ΕΥΡΙΠΙΔΟΥ,

369 239 592 306 πρόσθεν
623 237 886 306 μελάθρων
916 239 1061 292 τῶνδ’
1091 239 1331 307 ὁρωμένη,
1363 238 1556 301 τέκνον.

243 325 335 374 Χο.
371 322 451 374 καὶ
479 322 578 388 μὴν
611 321 684 373 ὅδ’
716 322 982 391 ἀλλόχρως
1011 344 1087 376 τις
1118 324 1328 390 ἔκδημος
1357 323 1498 389 ξένος

370 410 563 479 σπουδῇ
596 405 718 473 πρὸς
746 405 876 471 ἡμᾶς
905 405 1150 472 βημάτων
1180 408 1459 475 πορεύεται.
1835 417 1916 466 88ο

246 513 537 552 ΟΡΕΣΤΗΣ

370 586 509 652 ξέναι
538 594 779 655 γυναῖκες,
815 587 847 653 ἦ
876 588 981 641 τάδ’
1013 589 1119 642 ἔστ’
1151 589 1434 658 Ἀχιλλέως

371 671 545 725 παιδὸς
573 671 799 740 μέλαθρα
833 673 913 724 καὶ
943 675 1228 739 τυραννικαὶ
1259 673 1462 741 στέγαι,·

246 760 339 807 Χο.
370 756 543 823 ἔγνως·
591 757 713 822 ἇτᾶρ
744 755 802 820 δὴ
837 758 911 809 τίς
944 752 1054 821 (σὺ)
1085 756 1309 828 πυνθάνῃ
1338 757 1480 818 τάδε,·

247 843 340 907 Ορ.
366 838 739 906 Ἀγαμέμνονός
767 861 823 892 τε
858 840 937 891 καὶ
969 839 1387 907 Κλυταιμήστρας
1414 841 1574 900 τόκος,

373 925 531 988 ὄνομα
560 923 601 974 δ’
633 922 894 990 Ὀρέστης·
946 923 1158 991 ἔρχομαι
1187 926 1241 976 δὲ
1264 923 1387 990 πρὸς
1419 923 1543 979 Διὸς
1834 932 1914 981 885

373 1012 582 1073 μαντεῖα
613 1006 892 1059 Δωδωναῖ’.
987 1008 1095 1060 ἐπεὶ
1125 1007 1168 1059 δ’
1200 1008 1453 1075 ἀφικόμην

376 1092 555 1150 Φθίαν,
588 1095 726 1144 δοκεῖ
752 1112 837 1156 μοι
868 1088 1137 1159 ξυγγενοῦς
1164 1095 1341 1157 μαθεῖν
1371 1090 1485 1159 πέρι

374 1176 622 1242 γυναικός,
656 1177 700 1227 εἶ
734 1176 790 1248 ζῇ
822 1176 1134 1244 κεύτυχοῦσα
1163 1175 1400 1244 τυγχάνει

375 1260 405 1324 ἡ
439 1263 741 1326 Σπαρτιᾶτις
768 1259 1023 1327 Ἑρμιόνη·
1071 1262 1290 1327 τηλουρᾶ
1318 1262 1414 1328 γὰρ

378 1343 570 1395 ναίουσ’
602 1344 691 1412 ἀφ’
721 1344 860 1410 ἡμῶν
892 1343 1027 1396 πεδί’
1059 1345 1191 1409 ὅμως
1221 1344 1362 1396 ἐστὶν
1393 1344 1538 1411 φίλη.
1838 1352 1921 1402 890

258 1433 345 1495 Ερ.
383 1424 420 1478 ὦ
451 1430 731 1480 ναυτίλοισι
759 1429 998 1496 χείματος
1026 1427 1178 1493 λιμὴν
1210 1428 1386 1494 φανεὶς

378 1510 753 1579 Ἀγαμέμνονος
782 1517 887 1571 παῖ,
921 1512 1044 1579 πρός
1075 1533 1138 1564 σε
1166 1516 1323 1564 τῶνδε
1351 1511 1622 1579 γουνάτων,

383 1597 597 1662 οἴκτιρον
625 1597 753 1661 ἡμᾶς
783 1598 852 1648 ὧν
884 1598 1175 1649 ἐπισκοπεῖς
1205 1597 1375 1664 τύχας,

383 1679 708 1747 πράσσοντας
739 1680 825 1731 οὐκ
858 1681 926 1732 εὖ.
1017 1680 1314 1746 στεμμάτων
1345 1680 1386 1731 δ’
1419 1680 1513 1750 οὐχ
1542 1681 1768 1746 ἥσσονας

385 1770 496 1818 σοῖς
526 1766 828 1831 προστίθημι
858 1766 1070 1832 γόνασιν
1100 1764 1290 1818 ὠλένας
1321 1764 1456 1830 ἐμάς.
1843 1771 1922 1822 895

260 1853 351 1917 Ορ.
384 1848 458 1900 ἔα·

384 1934 436 1984 τί
462 1936 654 2002 χρῆμα;
700 1938 805 2000 μῶν
836 1933 1117 2001 ἐσφάλμεθ’
1147 1930 1177 1998 ἢ
1211 1938 1389 2002 σαφῶς
1419 1934 1514 2000 ὁρῶ

385 2019 549 2083 δόμων
579 2016 810 2070 ἄνασσαν
840 2016 987 2082 τήνδε
1017 2017 1257 2070 Μενέλεω
1288 2019 1460 2085 κόρην,·

262 2106 350 2170 Ερ.
389 2102 546 2169 ἤνπερ
575 2103 732 2167 μόνην
762 2124 821 2168 γε
849 2103 1094 2169 Τυνδαρὶς
1122 2103 1275 2154 τίκτει
1305 2102 1427 2169 γυνὴ

386 2185 573 2250 Ἑλένη
606 2185 708 2237 κατ’
740 2187 902 2239 οἴκους
931 2188 1096 2252 πατρί·
1142 2189 1295 2252 μηδὲν
1326 2186 1510 2253 ἀγνόει.

263 2274 354 2337 Ορ.
393 2267 431 2320 ὦ
462 2269 614 2335 Φοῖβ’
646 2269 876 2338 ἀκέστορ,
909 2269 1153 2335 πημάτων
1177 2272 1313 2335 δοίης
1341 2271 1507 2322 λύσιν.
1847 2287 1928 2327 900

389 2355 440 2406 τί
465 2356 656 2429 χρῆμα;
703 2354 825 2421 πρὸς
856 2357 982 2406 θεῶν
1011 2350 1042 2419 ἢ
1073 2359 1270 2422 βροτῶν
1300 2353 1519 2423 πάσχεις
1551 2352 1698 2414 κακά,·
1816 2357 1818 2359 ’

266 2442 353 2505 Ερ.
390 2441 453 2489 τὰ
482 2441 573 2504 μὲν
603 2437 726 2504 πρὸς
754 2438 908 2503 ἡμῶν,
941 2439 1003 2490 τὰ
1033 2441 1087 2491 δὲ
1116 2438 1239 2506 πρὸς
1268 2438 1446 2506 ἀνδρὸς
1475 2439 1531 2492 ὅς
1558 2437 1609 2503 μ’
1640 2438 1761 2506 ἔχει,

318 2556 399 2605 878
437 2555 519 2596 del.
554 2555 704 2595 Nauck
860 2557 942 2595 880
980 2556 1175 2608 βημάτων
1205 2556 1402 2597 Brunck:
1442 2555 1635 2607 δωμάτων
1663 2556 1783 2595 codd.
1815 2553 1930 2609 (πρὸς

265 2612 356 2662 ἠχὼ
377 2610 569 2661 δωμάτων
587 2610 766 2660 Verrall,
789 2611 841 2651 cl.
863 2611 996 2662 Hipp.
1019 2616 1118 2662 791)
1240 2613 1322 2662 883
1351 2613 1400 2661 δὴ
1420 2611 1483 2652 τίς
1503 2611 1554 2651 σὺ
1576 2611 1739 2649 Barnes
1759 2624 1768 2648 ε
1798 2611 1846 2659 δὴ
1866 2610 1930 2650 τίς

266 2666 321 2705 ὢν
342 2666 462 2704 codd.
484 2666 565 2715 (τίς
585 2669 641 2707 ὤν
658 2683 711 2719 -γε
730 2666 771 2705 l:
800 2667 849 2716 δὴ
865 2666 940 2719 (πῆ
961 2672 1007 2706 ut
1026 2667 1110 2706 vid.
1130 2665 1199 2718 V2)
1222 2666 1399 2720 πυνθάνῃ
1419 2667 1482 2706 τίς
1502 2667 1556 2706 ὢν
1570 2664 1624 2703 V²
1641 2663 1807 2714 Haun.)
1827 2678 1836 2703 :
1866 2665 1931 2705 τίς

266 2722 322 2760 ὢν
361 2721 411 2760 σὺ
443 2720 711 2761 Valckenaer
906 2722 987 2771 884
1030 2722 1385 2775 κλυταιμνήστρας
1418 2721 1542 2759 codd.
1687 2719 1809 2772 γόνος
1841 2718 1930 2757 ΒΟ

266 2774 347 2824 892
376 2775 586 2827 γουνάτων
607 2776 719 2816 BP:
746 2775 934 2830 γονάτων
953 2776 1045 2816 rell.
1211 2777 1292 2826 894
1321 2778 1354 2817 δ’
1375 2788 1455 2814 om.
1482 2775 1516 2814 L
1693 2775 1773 2824 897
1803 2776 1930 2814 τῶνδε

268 2828 442 2868 Brunck
578 2832 660 2881 898
687 2838 783 2885 Xop.
799 2830 931 2882 praef.
951 2831 992 2869 M
1009 2830 1044 2869 B
1154 2830 1256 2882 μόνη
1274 2830 1315 2869 Μ
1331 2831 1366 2869 Β
1381 2830 1420 2869 Ο
1437 2830 1472 2868 L
1489 2843 1498 2868 :
1528 2842 1634 2868 corr.
1658 2828 1702 2868 L¹
1804 2825 1930 2880 γυνὴ]

268 2883 366 2937 κόρη
384 2885 417 2923 L
438 2886 618 2925 sortasse
639 2892 754 2926 recte
919 2886 1000 2935 899
1029 2883 1195 2934 Ἑλένης
1212 2885 1271 2926 L:
1302 2897 1409 2924 corr.
1434 2885 1451 2922 l
1613 2897 1696 2933 900
1725 2882 1931 2935 Ἀκέστωρ

268 2937 310 2977 Α
324 2939 358 2977 Β
373 2940 408 2979 Ρ
425 2953 435 2978 t
477 2958 543 2994 γρ.
581 2936 767 2982 ἆκέστων
804 2944 836 2984 Σ
878 2940 939 2991 (=
962 2944 1214 2993 θεραπευτῶν
1250 2938 1375 2990 μόνον
1409 2941 1536 2980 θεοῖςτ
1586 2938 1768 2977 fortasse
1799 2936 1930 2976 voluit

271 2994 577 3049 φοιβακέστων)
732 3008 811 3046 901
844 2994 998 3046 πάσχει
1020 2994 1056 3032 Β
1071 2994 1110 3032 Ο
1223 2993 1327 3034 κακά
1348 2993 1381 3032 L
1396 2992 1431 3031 P
1442 2992 1495 3031 V²
1512 3007 1522 3032 :
1551 2992 1676 3034 κακόν
1693 2992 1734 3031 Α
1745 2991 1784 3030 V
1797 2990 1832 3030 B
1846 2996 1877 3035 Σ
