2118 3366
896 141 1333 192 ΕΥΡΙΠΙΔΟΥ

401 273 471 324 ὧν
501 271 545 324 δ’
577 272 736 324 οὕνεκ’
766 271 924 337 ἦλθον
955 276 1179 338 σημανῶ,
1212 272 1278 324 σὺ
1305 271 1349 324 δ’
1380 270 1604 339 ἐνδέχου.

401 354 487 407 τὸν
516 358 609 421 μὲν
641 356 858 408 θανόντα
886 355 1019 408 τόνδ’
1049 354 1332 424 Ἀχιλλέως
1359 356 1512 423 γόνον

400 437 567 506 θάψον
598 440 848 507 πορεύσας
879 438 1103 504 Πυθικὴν
1135 439 1257 507 πρὸς
1286 436 1528 507 ἐσχάραν,

401 528 628 591 Δελφοῖς
658 526 863 583 ὄνειδος,
898 523 964 577 ὣς
993 522 1293 596 ἀπαγγέλλῃ
1321 521 1484 590 τάφος

402 608 563 675 φόνον
591 609 764 673 βίαιον
793 611 882 673 τῆς
911 607 1204 675 Ὀρεστείας
1232 607 1396 676 χερός·

399 697 608 758 γυναῖκα
637 691 680 743 δ’
713 690 1051 761 αἰχμάλωτον,
1083 688 1430 759 Ἀνδρομάχην
1458 690 1612 759 λέγω,

400 778 708 828 Μολοσσίαν
736 779 832 844 γῆν
862 776 960 844 χρὴ
994 778 1300 840 κατοικῆσαι,
1333 773 1497 842 γέρον,

397 858 588 930 Ἑλένῳ
620 863 1068 928 συναλλαχθεῖσαν
1102 860 1314 914 εὗναίοις
1344 857 1535 927 γάμοις,

401 945 479 996 καὶ
509 948 663 997 παῖδα
693 945 854 1004 τόνδε,
888 949 989 997 τῶν
1019 943 1103 996 ἀπ’
1137 947 1322 996 Αἰακοῦ
1350 944 1504 1009 μόνον

397 1027 728 1094 λελειμμένον
758 1027 833 1093 δή.
923 1028 1149 1094 βασιλέα
1179 1028 1220 1079 δ’
1252 1030 1305 1079 ἐκ
1334 1031 1477 1079 τοῦδε
1506 1028 1603 1097 χρὴ

397 1111 558 1164 ἄλλον
588 1112 651 1164 δι’
680 1112 841 1164 ἄλλου
873 1117 1111 1181 διαπερᾶν
1145 1113 1450 1165 Μολοσσίας

399 1196 824 1262 εὐδαιμονοῦντας·
872 1197 928 1248 οὐ
962 1199 1057 1264 γὰρ
1087 1196 1168 1248 ὧδ’
1202 1194 1483 1248 ἀνάστατον

396 1280 544 1348 γένος
572 1280 810 1348 γενέσθαι
839 1285 916 1333 δεῖ
943 1282 1000 1333 τὸ
1033 1280 1126 1333 σὸν
1161 1266 1330 1345 κάμόν,
1364 1278 1527 1347 γέρον,

396 1367 579 1431 Τροίας
609 1387 679 1417 τε·
727 1366 808 1417 καὶ
837 1368 932 1434 γὰρ
966 1369 1126 1417 θεοῖσι
1159 1365 1384 1428 κάκείνης
1413 1363 1572 1428 μέλει,

400 1451 574 1516 καίπερ
604 1450 860 1515 πεσούσης
891 1447 1166 1502 Παλλάδος
1198 1448 1460 1516 προθυμίᾳ.

402 1537 462 1586 σὲ
493 1534 550 1593 δ’,
584 1534 648 1587 ὡς
678 1534 739 1586 ἂν
771 1536 902 1607 εἰδῇς
933 1537 1019 1598 τῆς
1051 1536 1170 1598 ἐμῆς
1203 1533 1344 1596 εὐνῆς
1374 1529 1537 1599 χάριν,

397 1614 504 1683 [θεὰ
532 1624 736 1686 γεγῶσα
768 1620 847 1670 καὶ
879 1622 991 1670 θεοῦ
1021 1617 1206 1685 πατρὸς
1237 1615 1413 1683 τέκος,]

397 1707 559 1754 κακῶν
590 1701 929 1767 ἀπαλλάξασα
959 1707 1057 1754 τῶν
1087 1703 1378 1769 βροτησὰυν

397 1784 644 1839 ἀθάνατον
674 1787 889 1855 ἄφθιτόν
919 1809 972 1839 τε
1003 1786 1199 1851 ποιήσω
1231 1787 1362 1837 θεόν.

398 1870 604 1922 κᾶπειτα
635 1871 840 1938 Νηρέως
871 1874 925 1924 ἐν
957 1871 1125 1936 δόμοις
1157 1873 1276 1936 ἐμοῦ
1305 1868 1432 1935 μέτα

396 1955 453 2006 τὸ
482 1955 663 2008 λοιπὸν
693 1955 785 2021 ἤδη
819 1956 929 2010 θεὸς
963 1953 1280 2019 συνοικήσεις
1312 1955 1416 2023 θεᾷ·

396 2040 538 2091 ἔνθεν
570 2041 779 2105 κομίζων
811 2040 962 2107 ξηρὸν
994 2042 1047 2091 ἐκ
1078 2041 1261 2092 πόντου
1291 2039 1421 2091 πόδα

397 2123 485 2176 τὸν
515 2126 762 2192 φίλτατον
794 2126 877 2177 σοὶ
909 2124 1041 2177 παῖδ’
1076 2125 1188 2189 ἐμοί
1213 2123 1255 2175 τ’
1287 2120 1535 2190 Ἀχιλλέα

396 2210 500 2280 ὄψῃ
532 2209 711 2274 δόμους
740 2210 944 2261 ναίοντα
974 2208 1298 2274 νησιωτικοὺς

397 2292 590 2357 Λευκὴν
622 2293 726 2344 κατ’
760 2293 913 2357 ἀκτὴν
945 2293 1084 2346 ἐντὸς
1117 2289 1356 2355 Εὐξείνου
1387 2291 1556 2358 πόρου.

398 2377 513 2428 ἀλλ’
547 2377 666 2443 ἕρπε
698 2382 921 2445 Δελφῶν
956 2380 1025 2431 εἷς
1057 2378 1331 2442 θεόδμητον
1362 2376 1513 2427 πόλιν

394 2460 567 2528 νεκρὸν
600 2462 810 2526 κομίζων
842 2462 1001 2522 τόνδε,
1041 2462 1121 2514 καὶ
1154 2461 1348 2528 κρύψας
1379 2459 1524 2527 χθονὶ

1839 455 1947 496 1240

1840 873 1946 916 1245

1842 1295 1948 1334 1250

1838 1713 1944 1755 1255

1838 2120 1946 2165 1260

327 2591 431 2629 1240
465 2578 582 2632 πρὸς]
616 2578 676 2619 ἐπ’
699 2579 740 2617 Α
914 2592 1013 2628 1241
1058 2576 1469 2631 ἀπαγγέλλῃ-ΑΕΗ
1507 2573 1633 2629 -γέλῃ
1668 2573 1753 2625 (vel
1785 2571 1943 2626 “ye'AeO

270 2632 311 2671 Μ
326 2633 378 2672 V²
393 2633 425 2671 Ρ
441 2633 479 2672 Ο
501 2639 543 2672 et
563 2634 758 2684 primitus
777 2634 811 2672 L
931 2648 1035 2684 1244
1064 2635 1145 2687 χρὴ
1164 2632 1250 2671 LA
1263 2645 1314 2671 v:
1343 2635 1450 2685 χρῆν
1470 2631 1559 2670 rell.
1665 2628 1892 2671 κατοικίσαι
1910 2626 1944 2666 L

273 2690 376 2737 1246
413 2693 496 2729 τῶν
526 2688 720 2728 Barnes:
761 2690 835 2730 τὸν
865 2690 985 2729 codd.
1024 2689 1161 2737 (τῶνδ’
1193 2688 1232 2726 O
1250 2687 1307 2738 D)
1492 2697 1593 2734 1247
1634 2683 1851 2732 βασιλείαν
1878 2682 1945 2721 V:

268 2755 375 2782 corr.
398 2742 451 2782 V²
578 2744 610 2784 δ’
635 2741 700 2794 ἐκ]
723 2745 801 2785 κάκ
824 2744 857 2782 L
984 2744 1087 2798 χρὴ]
1111 2745 1175 2784 δεῖ
1191 2743 1232 2781 Α
1420 2740 1525 2790 1248
1556 2737 1799 2780 Μολοσσίαν
1818 2737 1943 2776 codd.

267 2802 310 2835 et
339 2802 398 2840 Σε
438 2810 544 2838 corr.
583 2798 772 2848 Lenting
980 2809 1080 2847 1251
1125 2797 1323 2836 Fortasse
1354 2794 1411 2836 ·r'·
1451 2796 1537 2836 ἐπεὶ
1573 2797 1698 2834 θεοῖσι
1736 2791 1943 2840 (τάκείνης

268 2852 469 2903 Lenting)
694 2865 798 2902 1252
827 2853 1027 2906 προμηθία
1048 2853 1082 2891 L
1097 2851 1130 2891 P
1152 2863 1364 2902 suprascr.
1388 2849 1442 2888 V²

266 2910 436 2948 πολλοῖς
472 2912 555 2948 τῶν
590 2907 849 2961 ἀντιγράφων
883 2910 928 2948 οὗ
960 2907 1126 2961 φέρεται
1156 2910 1177 2947 ὁ
1205 2910 1351 2958 ἴαμβος
1381 2903 1498 2946 οὗτος
1527 2909 1558 2947 Σ

1659 2859 1762 2897 1254
1793 2849 1837 2887 ἐν
1855 2847 1942 2887 τοῖς

272 2963 372 3010 1256
402 2960 472 3012 τε]
496 2978 544 3003 σε
563 2963 602 3002 V
774 2974 877 3013 1257
909 2966 1007 3014 ὁμοῦ
1030 2962 1072 3001 Μ
1087 2960 1177 3000 ΒΟ
1349 2961 1452 3010 1258
1482 2959 1575 3013 θεᾷ]
1598 2962 1672 3011 θεῷ
1694 2901 1830 2996 Ιῖόκος
1861 2899 1895 2938 L
1910 2898 1944 2938 P
