2118 3366
768 120 1170 169 ΑΛΚΗΣΤΙΣ

267 249 400 317 κάγώ
431 249 474 300 τ’
503 249 566 301 ἂν
596 248 718 312 ἔζων
751 250 830 301 καὶ
861 249 927 301 σὺ
956 249 1044 301 τὸν
1072 250 1253 303 λοιπὸν
1283 253 1483 318 χρόνον,

265 333 379 384 κούκ
409 333 470 385 ἂν
497 334 737 398 μονωθεὶς
767 336 861 397 σῆς
891 331 1137 400 δάμαρτος
1168 329 1370 388 ἔστενες

265 418 343 468 καὶ
373 419 549 470 παῖδας
579 415 876 483 ὧρφάνευες.
951 418 1087 468 ἀλλὰ
1115 422 1270 473 ταῦτα
1298 420 1390 483 μὲν

265 504 390 552 θεῶν
420 521 494 553 τις
524 498 793 567 ἐξέπραξεν
824 500 948 551 ὥσθ’
978 502 1133 554 οὕτως
1165 502 1316 569 ἔχειν.

265 582 381 635 εἶεν·
428 583 492 635 σὺ
523 587 609 635 νῦν
639 605 722 648 μοι
752 583 895 636 τῶνδ’
926 585 1213 649 ἆπόμνησαι
1242 584 1407 653 χάριν·

263 665 532 732 αἰτήσομαι
559 665 656 733 γάρ
685 667 957 732 σ’-ἀξίαν
986 671 1077 732 μὲν
1108 669 1303 722 οὔποτε·

263 753 434 818 ψυχῆς
463 752 558 817 γὰρ
588 750 732 802 οὐδέν
763 754 872 802 ἐστι
902 753 1267 819 τιμιώτερον-

265 834 427 886 δίκαια
457 833 514 893 δ’,
549 834 613 888 ὡς
644 833 826 902 φήσεις
857 836 936 887 σύ·
983 837 1164 888 τούσδε
1192 839 1288 904 γὰρ
1321 842 1489 904 φιλεῖς

264 918 357 986 οὐχ
384 918 550 983 ἧσσον
580 915 610 983 ἢ
642 918 732 986 ’γὼ
762 923 957 979 παῖδας,
991 922 1128 987 εἵπερ
1160 921 1213 972 εῦ
1245 926 1464 988 φρονεῖς·

264 1002 465 1056 τούτους
495 1002 721 1070 ἀνάσχου
751 1004 999 1057 δεσπότας
1030 1006 1161 1070 ἐμῶν
1191 1006 1371 1070 δόμων,

267 1086 347 1138 καὶ
375 1086 442 1151 μὴ
473 1085 706 1158 ’πιγήμῃς
736 1092 906 1139 τοῖσδε
934 1091 1174 1156 μητρυιὰν
1204 1088 1408 1149 τέκνοις,

268 1170 376 1234 ἥτις
407 1172 588 1222 κακίων
618 1170 727 1222 offo-³
761 1174 881 1236 ἐμοῦ
909 1172 1033 1239 γυνὴ
1065 1174 1236 1242 φθόνῳ

265 1258 367 1307 τοῖς
399 1259 540 1306 σοῖσι
571 1256 741 1320 κᾶμοῖς
770 1257 917 1308 παισὶ
946 1261 1091 1324 χεῖρα
1121 1262 1424 1324 προσβαλεῖ.

267 1337 334 1403 μὴ
364 1341 487 1403 δῆτα
517 1338 704 1411 δράσῃς
733 1339 888 1391 ταῦτά
917 1339 981 1406 γ’,
1015 1342 1246 1406 αἰτοῦμαί
1274 1342 1324 1391 σ’
1358 1341 1473 1409 ἐγώ.

269 1423 424 1490 ἐχθρὰ
452 1425 548 1490 γὰρ
576 1423 606 1488 ἡ
638 1423 838 1477 ’πιοῦσα
866 1427 1076 1491 μητρυιὰ
1106 1424 1296 1479 τέκνοις

268 1510 371 1560 τοῖς
399 1506 594 1572 πρόσθ’,
629 1508 829 1575 ἐχίδνης
859 1508 1002 1560 οὐδὲν
1030 1508 1296 1576 ἠπιωτέρα.

269 1590 347 1641 καὶ
375 1595 490 1644 παῖς
519 1594 610 1656 μὲν
641 1591 800 1658 ἄρσην
830 1591 1000 1659 πατέρ’
1031 1593 1139 1661 ἔχει
1168 1594 1355 1661 πύργον
1384 1594 1559 1662 μέγαν,

268 1670 344 1739 [ὃν
375 1675 454 1726 καὶ
484 1680 727 1742 προσεῖπε
758 1676 838 1728 καὶ
868 1676 1182 1744 προσερρήθη
1215 1677 1405 1745 πάλιν.]

269 1759 334 1810 σὺ
364 1758 424 1818 δ’,
456 1757 494 1810 ὦ
523 1758 697 1812 τέκνον
728 1782 827 1825 μοι,
861 1766 965 1814 πῶς
996 1761 1269 1833 κορευθήσῃ
1303 1767 1488 1823 καλῶς;

269 1843 413 1896 ποίας
440 1848 663 1912 τυχοῦσα
693 1846 906 1911 συζύγου
935 1851 1002 1915 τῷ
1035 1851 1109 1915 σῷ
1140 1847 1311 1912 πατρί;

268 1925 334 1992 μή
366 1929 454 1979 σοί
478 1928 569 1979 τιν’
601 1930 818 1996 αἰσχρὰν
849 1934 1220 1995 προσβαλοῦσα
1252 1932 1467 1995 κληδόνα

269 2011 402 2076 ἥβης
432 2013 486 2063 ἐν
516 2013 644 2083 ἀκμῇ
679 2013 798 2065 σοὺς
830 2015 1091 2085 διαφθείρῃ
1123 2013 1327 2081 γάμους.

270 2095 328 2146 οὐ
356 2094 451 2162 γάρ
483 2118 544 2148 σε
573 2095 731 2164 μήτηρ
763 2098 876 2149 οὔτε
906 2098 1183 2165 νυμφεύσει
1213 2101 1333 2150 ποτὲ

271 2179 372 2230 οὔτ’
404 2182 456 2232 ἐν
485 2181 678 2232 τόκοισι
709 2186 851 2233 σοῖσι
881 2185 1131 2249 θαρσυνεῖ,
1166 2182 1354 2241 τέκνον,

272 2264 498 2330 παροῦσ’,
531 2265 594 2316 ἵν’
626 2265 768 2317 οὐδὲν
796 2266 978 2333 μητρὸς
1011 2266 1381 2332 εὐμενέστερον.

272 2351 350 2399 δεῖ
374 2349 468 2416 γὰρ
501 2351 668 2401 θανεῖν
696 2371 775 2415 με·
823 2351 903 2401 καὶ
932 2350 1033 2402 τόδ’
1066 2350 1151 2401 οὐκ
1181 2353 1233 2404 ἐς
1262 2351 1430 2418 αὔριον

273 2431 375 2483 οὐδ’
405 2434 457 2486 ἐς
486 2435 655 2501 τρίτην
684 2455 767 2499 μοι
795 2434 950 2499 μηνὸς
981 2435 1179 2502 ἔρχεται
1211 2436 1376 2493 κακόν,

274 2515 390 2567 ἀλλ’
422 2517 575 2569 αὐτίκ’
608 2520 661 2569 ἐν
691 2524 795 2572 τοῖς
825 2518 984 2570 οὐκέτ’
1017 2520 1130 2570 οῦσι
1160 2518 1385 2584 λέξομαι.

1729 269 1810 309 295

1732 689 1812 729 300

1733 1108 1811 1148 305

1762 1527 1812 1556 10

1730 1525 1753 1567 υ)

1736 1948 1814 1988 315

1738 2367 1816 2407 320

203 2643 284 2682 295
314 2631 414 2683 ἔζων
441 2634 508 2675 V:
549 2633 642 2685 ἔζην
671 2640 713 2673 et
744 2634 842 2686 ἔζων
872 2635 934 2674 L:
976 2635 1069 2686 ἔζην
1099 2628 1185 2675 BP
1214 2641 1256 2674 et
1286 2636 1467 2685 Etymol.
1505 2635 1560 2675 Μ’.
1595 2649 1633 2687 p.
1666 2649 1758 2687 413,
1789 2649 1816 2685 9

150 2688 231 2736 298
260 2685 787 2740 ἐξέπραξενᾙΡευρΓειΞοΐ.
806 2703 853 2729 v:
882 2690 1048 2743 ἔπραξεν
1061 2691 1117 2729 V:
1139 2690 1523 2743 εἷσέπραξενΒΟΪ)

150 2741 302 2792 μοινε
329 2743 679 2792 μοινῦνΒΟΒτ
718 2744 766 2792 δή
787 2744 938 2795 ptocL:
977 2745 1012 2785 δ’
1034 2745 1186 2796 ἡμῖνΡ

151 2808 234 2845 310
268 2795 371 2835 Post
401 2797 564 2849 ἐχίδνης
593 2799 627 2839 δ’
655 2810 864 2848 suprascr.
886 2798 935 2836 V¹
1103 2812 1185 2849 312
1221 2800 1303 2838 del.
1335 2800 1542 2838 Pierson:

150 2849 213 2889 Cf.
240 2861 316 2900 195

110 2902 232 2949 *VB

143 2963 269 3014 μηνὸς
298 2962 442 3002 habuit
471 2967 503 3005 Σ

145 3029 227 3067 322
255 3017 396 3069 μηκέτ’
416 3017 455 3056 V
469 3017 504 3055 B

1636 2704 1717 2740 299
1747 2694 1818 2731 νῦν

1389 2757 1469 2793 304
1503 2748 1586 2786 τῶν
1607 2748 1711 2795 ἐμῶν
1734 2745 1815 2782 LP

1594 2800 1741 2838 habuit
1771 2804 1814 2841 Σ.

568 2853 650 2901 318
688 2856 798 2893 σοῖο-ι
828 2857 1018 2905 θαρσυνεΐ
1040 2853 1186 2895 τέκνον
1209 2854 1315 2893 LP:
1353 2858 1463 2894 τοῖσι
1490 2857 1600 2895 σοῖσι
1629 2856 1818 2907 θαρσυνεΐ

399 2920 475 2957 321
509 2910 661 2958 σμῆνος
683 2906 848 2960 ἔρχεται
872 2910 1005 2947 κακῶν
1028 2907 1196 2947 Naber:
1230 2907 1335 2947 nihil
1355 2910 1600 2949 mutandum
1621 2910 1791 2949 videtur
1810 2926 1818 2950 ε

706 2973 801 3012 321,
827 2974 907 3012 322
948 2962 990 3000 in
1020 2967 1139 3001 textu
1171 2975 1253 3002 om.
1277 2962 1318 3001 in
1351 2976 1481 3013 marg.
1503 2964 1622 3004 infer.
1649 2965 1743 3007 add,
1770 2966 1815 3006 L¹
