2118 3366
953 130 1394 180 ΕΥΡΙΠΙΔΟΥ
1415 203 1431 210 ἡ

459 265 717 314 παθοῦσαν
739 260 919 327 ’Ἃιδην
947 263 1103 328 μηδὲν
1132 261 1298 327 ἧσσον
1329 263 1550 314 εἰσιδεῖν.

461 345 577 398 ἀλλ’
608 348 894 399 ἐκπεσοῦσα
923 345 1067 411 τῆσδ’
1098 346 1361 411 ἀλητεύσω
1392 345 1599 414 χθονός,·

463 429 577 481 κούκ
607 431 938 499 αἰσχυνοῦμαι
969 429 1089 494 δῆτ’,
1124 431 1211 480 ἐὰν
1241 427 1299 493 δή
1331 449 1406 481 τις
1439 427 1584 500 λέγῃ·

460 515 530 565 Τί
555 513 680 580 δεῦρ’
713 512 947 580 ἀφίκεσθ’
980 514 1218 565 ἱκεσίοισι
1250 512 1343 564 σὺν
1375 511 1574 566 κλάδοις

463 597 601 649 αὐτοὶ
633 601 1066 665 φιλοψυχοῦντες;
1114 595 1245 661 ἔξιτε
1274 597 1474 664 χθονός·

465 681 639 734 κακοὺς
669 683 764 748 γὰρ
793 681 933 746 ἡμεῖς
965 680 1021 731 οὗ
1053 678 1540 747 προσωφελήσομεν.

549 764 664 816 ἀλλ’
696 764 807 817 οὐδὲ
828 763 1012 830 μέντοι,
1048 767 1204 816 τῶνδε
1233 766 1323 829 μὲν
1354 763 1680 828 τεθνηκότων,

465 848 583 912 αὐτὴ
617 851 670 900 δὲ
703 847 923 907 σωθεῖσ’,
959 847 1121 901 ἐλπίδ’
1155 849 1207 899 εὗ
1239 846 1446 914 πράξειν
1476 847 1596 914 ἔχω·

463 933 720 984 -πολλοὶ
750 933 846 999 γὰρ
875 932 966 997 ἤδη
998 935 1115 1005 τῇδε
1145 931 1429 998 προύδοσαν
1462 931 1737 998 φίλους.-

466 1019 540 1069 τίς
570 1018 664 1083 γὰρ
698 1017 846 1082 κόρην
876 1016 1057 1082 ἔρημον
1087 1012 1117 1080 ἢ
1150 1014 1354 1081 δάμαρτ’
1385 1014 1538 1083 ἔχειν,

466 1097 495 1164 ἢ
528 1104 840 1152 παιδοποιεῖν
872 1097 932 1162 ἐξ
960 1102 1077 1165 ἐμοῦ
1109 1098 1446 1165 βουλήσεται;

468 1184 556 1235 οὐκ
588 1185 674 1235 οὖν
707 1188 873 1235 θανεῖν
904 1183 1104 1249 ἄμεινον
1135 1179 1165 1247 ἢ
1196 1183 1383 1234 τούτων
1413 1187 1582 1251 τυχεῖν

469 1267 698 1332 ἀναξίαν,·
746 1267 879 1339 ἄλλῃ
910 1270 964 1320 δὲ
996 1266 1085 1319 κᾶν
1116 1266 1295 1333 πρέποι
1324 1267 1421 1318 τινὶ

469 1356 665 1417 μᾶλλον
695 1351 755 1403 τά
787 1352 817 1411 ’,
850 1352 956 1416 ἥτις
985 1351 1052 1416 μὴ
1084 1350 1317 1416 ’πίσημος
1350 1350 1414 1403 ὡς
1447 1350 1562 1416 ἐγώ.

553 1436 747 1502 ἡγεῖσθ’
780 1437 904 1487 ὅπου
936 1440 1011 1487 δεῖ
1039 1440 1183 1500 σῶμα
1216 1438 1475 1486 κατθανεῖν
1505 1434 1618 1485 τόδε

474 1521 552 1571 καὶ
585 1524 922 1584 στεμματοῦτε
953 1521 1031 1571 καὶ
1065 1518 1379 1587 κατάρχεσθ’,
1415 1520 1457 1569 εἷ
1488 1522 1637 1569 δοκεῖ·

473 1608 639 1655 νικᾶτε
670 1604 711 1655 δ’
747 1603 970 1671 ἐχθρούς·
1016 1603 1103 1667 ἥδε
1134 1605 1229 1669 γὰρ
1258 1601 1400 1670 ψυχὴ
1434 1600 1567 1668 πάρα

474 1691 658 1739 ἑκοῦσα
690 1687 804 1738 κούκ
837 1687 1040 1739 ἄκουσα·
1089 1685 1498 1753 κάξαγγέλλομαι

475 1773 709 1843 θνῄσκειν
741 1772 975 1838 ἀδελφῶν
1006 1774 1161 1822 τῶνδε
1194 1771 1441 1835 κάμαυτῆς
1469 1770 1608 1835 ὕπερ.

475 1857 659 1922 εὕρημα
687 1854 783 1922 γάρ
812 1876 889 1907 τοι
917 1854 983 1920 μὴ
1017 1853 1363 1922 φιλοψυχοῦσ’
1394 1853 1492 1920 ἐγὼ

477 1939 752 1992 κάλλιστον
783 1938 966 2006 ηὕρηκ’,
1002 1938 1211 1991 εὐκλεῶς
1242 1942 1409 1989 λιπεῖν
1440 1938 1574 2002 βίον.

350 2029 442 2076 Xo.
477 2029 572 2091 φεῦ
603 2029 714 2090 φεῦ,
747 2024 797 2075 τί
824 2021 955 2087 λέξω
987 2021 1233 2089 παρθένου
1263 2020 1422 2088 μέγαν
1451 2022 1608 2087 λόγον

356 2367 423 2412 Io.

413 2745 491 2784 515
522 2732 735 2782 ἀλητεύσω
758 2731 1026 2781 Stephanus:
1059 2728 1244 2779 ἀλητεύω
1268 2728 1301 2766 L
1317 2727 1351 2766 P
1373 2726 1459 2778 (ἄλ.
1485 2725 1539 2775 Ρ)

360 2789 550 2836 Scaliger
580 2794 624 2827 et
656 2788 880 2836 Hartung:
923 2787 988 2826 καὶ
1017 2784 1159 2839 πρέπει
1189 2783 1272 2822 LP

477 2109 654 2167 κλύων,
690 2109 927 2175 ἀδελφῶν
957 2105 987 2171 ἢ
1019 2106 1174 2173 πάρος
1207 2105 1343 2158 θέλει
1376 2109 1567 2164 θανεῖν;

477 2193 662 2244 τούτων
693 2193 767 2245 τίς
797 2192 858 2243 ἂν
888 2190 1051 2256 λέξειε
1082 2192 1338 2257 γενναίους
1370 2190 1555 2256 λόγους

477 2281 690 2342 μᾶλλον,
724 2277 797 2329 τίς
828 2275 887 2327 ἂν
919 2274 1148 2341 δράσειεν
1179 2274 1453 2341 ἀνθρώπων
1485 2273 1580 2331 ἔτι,·

486 2360 523 2412 ὦ
554 2360 745 2419 τέκνον,
778 2360 865 2411 οὐκ
896 2359 1000 2411 ἔστ’
1032 2358 1250 2410 ἄλλοθεν
1281 2358 1338 2409 τὸ
1370 2357 1462 2409 σὸν
1496 2355 1634 2422 κάρα,

484 2445 599 2497 ἀλλ’
634 2443 692 2508 ἐξ
720 2446 910 2496 ἐκείνου
941 2443 1141 2510 σπέρμα
1169 2446 1256 2507 τῆς
1287 2443 1423 2494 θείας
1454 2439 1637 2507 φρενὸς

483 2529 709 2596 πέφυκας
738 2527 1053 2595 ἹΙράκλειος·
1100 2526 1199 2578 οὐδ’
1232 2526 1535 2594 αἰσχύνομαι

481 2619 584 2668 τοῖς
617 2618 727 2666 σοῖς
755 2613 975 2680 λόγοισι,
1009 2620 1068 2685 τῇ
1098 2612 1224 2683 τύχῃ
1257 2610 1298 2662 δ’
1330 2609 1622 2676 ἀλγύνομαι.

1919 363 2001 406 515

1926 779 2008 819 520

1930 1197 2008 1236 525

1934 1616 2015 1655 530

1938 2034 2016 2074 535

1940 2452 2020 2492 540

1678 2723 1760 2772 526
1789 2723 1863 2763 κᾶν
1881 2718 2023 2775 πρέποι

1483 2792 1565 2829 529
1603 2779 1730 2818 lectio
1758 2777 1936 2824 incerta,
1966 2775 2019 2814 cf.

361 2845 450 2882 Ion.
482 2857 531 2882 1:
573 2856 653 2882 nec
680 2841 901 2894 κατάρχετ’
931 2853 1009 2879 nec
1039 2841 1103 2881 κεῖ
1131 2837 1404 2887 κατάρχεσθαι
1434 2838 1548 2876 δοκεῖ
1566 2833 1735 2885 (Paley)
1758 2832 1928 2882 placet:
1957 2831 2024 2871 καὶ

361 2898 522 2950 στέμμα
540 2897 665 2939 τοῦτό
682 2897 740 2949 γ’,
764 2899 799 2938 εἰ
819 2894 1096 2948 κατάρχεσθαι
1114 2892 1295 2940 Verrall‚
1318 2890 1367 2930 cl.
1392 2903 1457 2928 vv.
1485 2902 1550 2938 71,
1572 2890 1650 2928 601
1829 2897 1910 2935 533
1940 2887 2025 2925 τοῖς

360 2955 414 3004 μὴ
435 2953 714 3006 φιλοψυχοῦσί
730 2968 781 3004 γε
804 2950 975 2999 Madvig
1169 2960 1247 2998 541
1280 2948 1502 2998 Ἡρακλῆος
1523 2943 1644 2984 codd.
1670 2957 1680 2982 ι
1709 2953 1815 2981 corr.
1837 2939 2026 2989 Elmsley

361 3008 619 3061 (Ἡράκλειον
640 3007 856 3056 Hartung)
