2118 3366
856 146 1173 195 ΜΗΔΕΙΑ

315 275 368 326 ἐν
396 277 521 344 τῷδε
548 272 694 339 δείξω
723 279 893 342 πρῶτα
922 277 1014 340 μὲν
1045 275 1206 341 σοφὸς
1236 275 1413 342 γεγώς,

313 357 484 410 ἔπειτα
513 357 750 425 σώφρων,
784 357 890 410 εἶτα
921 359 1004 410 σοὶ
1034 358 1190 424 μέγας
1221 360 1372 425 φίλος

315 440 394 492 καὶ
424 441 569 494 παισὶ
598 446 702 496 τοῖς
731 443 1118 508 ἐμοῖσιν-ἀλλ’
1148 442 1225 511 ἔχ’
1255 442 1463 511 ἥσυχος.
1769 458 1849 498 550

313 524 422 576 ἐπεὶ
449 522 698 590 μετέστην
727 523 854 591 δεῦρ’
884 523 1111 577 Ἰωλκίας
1140 526 1321 591 χθονὸς

313 609 509 660 πολλὰς
539 606 768 674 ἐφέλκων
799 609 1062 674 συμφορᾶς
1091 607 1392 675 ἀμηχάνους,

311 691 363 741 τί
388 689 520 741 τοῦδ’
551 689 613 741 ἂν
643 690 811 758 εὕρημ’
839 690 991 758 ηὗρον
1021 690 1375 758 εὐτυχέστερον

311 769 342 836 ἢ
373 777 525 825 παῖδα
554 776 710 841 γῆμαι
738 773 999 839 βασιλέως
1029 777 1193 841 φυγὰς
1222 776 1405 842 γεγώς;

316 857 426 924 οὐχ,
454 855 485 929 ᾗ
513 858 577 908 σὺ
610 858 764 929 κνίζῃ,
798 857 892 910 σὸν
923 861 1016 923 μὲν
1046 860 1293 926 ἐχθαίρων
1321 858 1490 925 λέχος,
1766 873 1846 913 555

315 943 482 1005 καινῆς
513 943 566 992 δὲ
596 942 793 1008 νύμφης
825 940 974 1011 ἱμέρῳ
1006 941 1371 1009 πεπληγμένος,

312 1023 411 1079 οὐδ’
442 1026 511 1078 εἷς
541 1023 760 1089 ἅμιλλαν
790 1027 1095 1078 πολύτεκνον
1125 1025 1348 1089 σπουδὴν
1380 1025 1527 1092 ἔχων·

314 1107 552 1175 ἅλις-γὰρ
581 1110 628 1160 οἱ
656 1114 872 1176 γεγῶτες
903 1110 1015 1161 οὐδὲ
1043 1108 1318 1176 μέμφομαι·

314 1191 429 1243 ἀλλ’
461 1191 541 1251 ὣς,
575 1191 634 1244 τὸ
661 1195 754 1257 μὲν
781 1192 1040 1261 μέγιστον,
1072 1197 1293 1261 οἰκοῖμεν
1322 1198 1487 1250 καλῶς

315 1273 395 1326 καὶ
422 1273 491 1340 μὴ
521 1276 934 1340 σπανιζοίμεσθα,
966 1277 1262 1342 γιγνώσκων
1291 1276 1369 1327 ὅτι
1766 1278 1848 1331 5⁶0

313 1357 503 1423 πένητα
533 1360 710 1426 φεύγει
739 1363 835 1412 πᾶς
865 1381 939 1412 τις
968 1360 1190 1411 ἐκποδὼν
1220 1362 1386 1426 φίλος,

314 1446 491 1495 παῖδας
520 1446 574 1495 δὲ
604 1442 839 1509 θρέψαιμ’
873 1441 1021 1506 ἀξίως
1050 1444 1215 1508 δόμων
1247 1445 1375 1508 ἐμῶν

316 1526 524 1592 σπείρας
552 1526 595 1578 τ’
626 1527 876 1593 ἀδελφοὺς
906 1531 1069 1579 τοῖσιν
1099 1529 1153 1578 ἐκ
1184 1526 1333 1578 σέθεν
1362 1525 1551 1579 τέκνοις

315 1611 366 1662 ἐς
394 1610 543 1661 ταύτὸ
575 1611 725 1675 θείην,
760 1611 839 1662 καὶ
870 1609 1179 1678 ξυναρτήσας
1208 1610 1352 1677 γένος

315 1693 700 1759 εὐδαιμονοῖμεν.
791 1697 880 1747 σοί
904 1717 958 1746 τε
986 1697 1083 1761 γὰρ
1112 1695 1300 1747 παίδων
1329 1696 1380 1746 τί
1406 1699 1503 1754 δεῖ;
1770 1696 1846 1748 565

315 1779 430 1842 ἐμοί
452 1799 506 1830 τε
534 1780 644 1830 λύει
674 1783 808 1830 τοῖσι
838 1778 1117 1844 μέλλουσιν
1147 1778 1337 1831 τέκνοις

313 1863 375 1912 τὰ
407 1861 544 1925 ζῶντ’
576 1864 772 1926 ὀνῆσαι.
859 1867 965 1928 μῶν
995 1862 1338 1927 βεβούλευμαι
1371 1866 1550 1921 κακῶς;

316 1944 418 1997 οὐδ’
449 1945 510 1997 ἂν
542 1946 606 1997 σὺ
637 1948 803 2013 φαίης,
832 1948 878 1998 εἴ
907 1967 967 1997 σε
996 1946 1062 2010 μὴ
1097 1947 1248 2009 κνίζοι
1277 1944 1445 2013 λέχος.

317 2028 435 2080 ἀλλ’
466 2031 517 2082 ἐς
546 2034 786 2081 τοσοῦτον
819 2029 952 2093 ἥκεθ’
986 2029 1103 2080 ὥστ’
1134 2028 1433 2095 ὀρθουμένης

315 2112 458 2177 εὗνῆς
487 2117 713 2179 γυναῖκες
743 2112 887 2165 πάντ’
919 2113 1056 2180 ἔχειν
1086 2113 1323 2178 νομίζετε,
1768 2123 1848 2165 570

314 2192 376 2260 ἢν
406 2196 448 2247 δ’
478 2197 539 2248 αὖ
568 2196 771 2263 γένηται
800 2195 1030 2264 ξυμφορά
1058 2217 1132 2249 τις
1162 2198 1212 2249 ἐς
1242 2195 1408 2263 λέχος,

314 2282 376 2331 τὰ
403 2285 577 2350 λῷστα
609 2282 687 2332 καὶ
719 2280 970 2332 κάλλιστα
999 2280 1344 2345 πολεμιώτατα

315 2366 531 2416 τίθεσθε.
618 2367 745 2431 χ’ρῆν
779 2366 873 2430 γὰρ
903 2363 1119 2415 ἄλλοθέν
1149 2367 1300 2415 ποθεν
1330 2361 1540 2429 βροτοὺς

315 2452 492 2500 παῖδας
520 2451 828 2505 τεκνοῦσθαι,
860 2450 987 2511 θῆλυ
1018 2446 1059 2497 δ’
1097 2447 1183 2498 οὐκ
1214 2446 1339 2498 εἶναι
1369 2445 1528 2513 γένος·

245 2575 326 2613 549
354 2564 489 2616 φίλοις
510 2563 570 2603 V:
608 2576 716 2603 corr.
741 2576 767 2601 v
931 2574 1011 2611 550
1040 2561 1204 2614 ἡσύχως
1223 2561 1312 2600 AV
1476 2571 1551 2608 551
1584 2557 1764 2609 μετέστη
1783 2557 1850 2596 V:

192 2630 299 2658 corr.
336 2631 363 2657 v
562 2629 642 2667 552
683 2617 871 2670 ἀφέλκων
903 2616 944 2654 Α
1149 2628 1229 2666 553
1271 2615 1384 2656 τοῦτ’
1416 2615 1549 2668 εὕρημ’
1578 2614 1644 2651 V:
1684 2625 1790 2651 corr.
1823 2625 1850 2650 v

192 2671 471 2725 ἀτυχέστερον
488 2671 552 2710 V:
584 2684 692 2712 corr.
717 2685 743 2710 v
879 2682 958 2719 554
986 2671 1120 2722 γεγὼς
1141 2669 1270 2723 φυγάς
1290 2670 1328 2708 V
1464 2679 1542 2717 555
1575 2667 1793 2720 ἐχθραίνων
1813 2665 1849 2703 Β

186 2727 275 2775 ’560
311 2724 612 2777 σπανιζόμεσθα
639 2725 690 2771 V,
720 2726 797 2764 sed
832 2725 885 2764 de
915 2725 1171 2774 imperfectis
1205 2725 1330 2763 indic.
1364 2722 1642 2762 restituendis
1671 2733 1756 2759 non
1786 2724 1851 2758 est

191 2780 462 2830 cogitandum
683 2781 761 2829 562
798 2778 843 2820 δὲ
866 2779 902 2816 Α
916 2779 956 2817 V
970 2779 1004 2816 B
1023 2792 1031 2816 :
1066 2796 1114 2819 τε
1145 2778 1179 2816 L
1193 2778 1227 2817 P
1445 2778 1525 2825 565
1556 2777 1852 2826 εὐδαιμονοῖμεν

193 2833 411 2884 Elmsley:
449 2834 726 2885 εὐδαιμονοίην
753 2834 874 2872 codd.
1068 2833 1147 2882 567
1181 2833 1235 2873 τὰ
1266 2831 1401 2883 ζῶντ’]
1431 2830 1483 2871 τά
1514 2829 1555 2882 ’γ’
1588 2829 1671 2870 ὄντ’
1702 2828 1862 2870 Nauck¹

192 2889 274 2938 568
303 2888 370 2938 σε]
391 2904 455 2930 σοι
474 2889 515 2928 Α
644 2887 767 2939 κνίζει
790 2888 823 2926 L
839 2887 872 2925 P
1052 2898 1128 2936 571
1161 2887 1195 2927 δ’
1218 2886 1283 2938 αὖ]
1309 2885 1353 2927 δὲ
1371 2885 1411 2923 Α
1430 2898 1439 2923 :
1470 2885 1504 2924 δ’
1527 2883 1620 2935 αῧρ
1641 2884 1683 2922 in
1707 2895 1852 2922 rasura

192 2954 273 2992 573
301 2943 427 2996 χρῆν]
447 2943 529 2995 χρὴ
549 2942 642 2981 AV
749 2941 849 2996 γὰρ]
871 2939 928 2995 ἄρ’
951 2941 1114 2979 Person
