2118 3366
771 90 1268 166 ANAPOMAXH

309 249 472 301 ἐλθὼν
501 250 719 301 παλαιᾶς
746 244 978 316 χοιράδος
1009 251 1179 298 κοῖλον
1207 245 1368 313 μυχὸν
1746 249 1848 301 1265

310 329 560 397 Σηπιάδος
589 332 707 395 ἵζου·
752 331 901 396 μίμνε
930 329 990 389 δ’,
1023 329 1129 382 ἔστ’
1159 329 1220 381 ἂν
1251 327 1310 393 ἐξ
1336 328 1458 382 ἁλὸς

307 420 544 481 λαβοῦσα
573 412 880 479 πεντήκοντα
908 415 1153 485 Νηρῄδων
1182 411 1335 480 χορὸν

309 500 442 552 ἔλθω
473 497 715 564 κομιστήν
744 519 853 549 σου·
898 497 954 549 τὸ
983 499 1079 565 γὰρ
1109 494 1432 563 πεπρωμένον

309 587 390 635 δεῖ
415 582 466 634 σ’
497 583 785 648 ἐκκομίζειν·
833 582 956 646 Ζηνὶ
987 582 1081 648 γὰρ
1113 584 1249 632 δοκεῖ
1275 577 1408 631 τάδε.

308 671 498 719 παῦσαι
526 669 580 719 δὲ
610 667 771 730 λύπης
799 670 897 717 τῶν
926 665 1233 729 τεθνηκότων
1261 664 1401 729 ὕπερ·
1747 676 1851 717 1270

309 754 466 803 πᾶσιν
494 752 592 818 γὰρ
620 749 956 816 ἀνθρώποισιν
984 749 1072 813 ἥδε
1101 747 1223 814 πρὸς
1253 750 1378 798 θεῶν

308 837 487 902 ψῆφος
518 833 775 901 κέκρανται
805 836 1063 884 κατθανεῖν
1093 831 1136 883 τ’
1166 832 1440 898 ὀφείλεται.

186 921 284 983 Πη.
313 914 352 968 ὦ
382 917 558 977 πότνι’,
590 914 628 969 ὦ
659 922 864 984 γενναῖα
894 914 1284 983 συγκοιμήματα,

312 1001 520 1069 Νηρέως
549 1000 805 1069 γένεθλον,
836 1005 997 1068 χαῖρε·
1043 1004 1198 1051 ταῦτα
1227 998 1268 1051 δ’
1299 996 1448 1062 ἀξίως

314 1089 500 1150 σαυτῆς
528 1106 583 1137 τε
612 1090 771 1139 ποιεῖς
801 1085 880 1136 καὶ
909 1082 1094 1136 τέκνων
1124 1088 1222 1135 τῶν
1254 1084 1308 1133 ἐκ
1339 1080 1504 1134 σέθεν.
1749 1094 1851 1135 1275

312 1170 451 1222 παύω
483 1172 537 1222 δὲ
565 1169 729 1234 λύπην
761 1173 853 1220 σοῦ
884 1167 1199 1232 κελευούσης,
1233 1163 1336 1224 θεά,
1892 1162 1894 1164 ’

314 1255 393 1305 καὶ
421 1254 566 1305 τόνδε
596 1251 766 1320 θάψας
796 1252 894 1317 εῗμι
925 1253 1121 1316 Πηλίου
1150 1247 1355 1317 πτυχάς,

313 1337 465 1404 οὗπερ
496 1336 588 1389 σὸν
620 1338 756 1389 εἶλον
786 1337 933 1404 χερσὶ
965 1332 1239 1387 κάλλιστον
1269 1332 1434 1398 δέμας.

315 1419 420 1491 κᾷτῗ
451 1421 508 1472 οὗ
536 1425 713 1488 γαμεῖν
744 1419 848 1484 δῆτ’
881 1419 934 1470 ἔκ
963 1441 1019 1471 τε
1047 1419 1290 1486 γενναίων
1321 1417 1483 1484 χρεὼν

314 1495 488 1557 δοῦναί
513 1504 556 1556 τ’
588 1506 638 1558 ἐς
669 1504 898 1562 ἐσθλούς,
932 1504 1073 1555 ὅστις
1104 1503 1156 1554 εὖ
1186 1502 1498 1567 βουλεύεται,
1751 1504 1853 1543 1280

315 1593 475 1640 κακῶν
504 1591 558 1641 δὲ
586 1587 807 1654 λέκτρων
836 1587 902 1652 μὴ
933 1586 1182 1651 ’πιθυμίαν
1212 1586 1364 1653 ἔχειν,

312 1672 425 1738 μηδ’
457 1674 500 1724 εἰ
533 1672 834 1736 ζαπλούτους
864 1672 1056 1723 οἴσεται
1087 1671 1273 1737 φερνὰς
1303 1669 1495 1733 δόμοις;

315 1753 388 1822 [οὗ
415 1754 511 1824 γάρ
540 1755 649 1808 ποτ’
678 1754 740 1807 ἂν
770 1752 1007 1823 πράξειαν
1039 1756 1091 1806 ἐκ
1123 1757 1248 1805 θεῶν
1280 1749 1473 1818 κακῶς.]

190 1886 280 1935 Χο.
397 1882 584 1935 πολλαὶ
613 1882 804 1949 μορφαὶ
832 1886 930 1933 τῶν
961 1881 1240 1945 δαιμονίων,

398 1968 567 2019 πολλὰ
597 1966 640 2017 δ’
671 1965 900 2018 ἀέλπτως
931 1966 1186 2032 κραίνουσι
1217 1962 1337 2014 θεοί·
1756 1964 1854 2013 1285

405 2052 484 2103 καὶ
513 2052 575 2102 τὰ
606 2049 859 2114 δοκηθέντ’
890 2049 977 2100 οὐκ
1009 2046 1268 2111 ἐτελέσθη,

401 2139 500 2187 τῶν
530 2134 571 2186 δ’
602 2131 855 2197 ἀδοκήτων
885 2133 1040 2199 πόρον
1070 2132 1188 2198 ηὗρε
1217 2131 1344 2183 θεός.

483 2217 665 2270 τοιόνδ’
697 2217 863 2283 ἀπέβη
894 2217 1008 2268 τόδε
1036 2219 1254 2282 πρᾶγμα.

250 2335 355 2375 1268
385 2335 584 2388 κομιστήρ
598 2335 643 2374 V
660 2334 804 2374 Haun.
831 2331 943 2384 <-την
956 2330 1026 2384 V2)
1043 2346 1051 2370 ε
1084 2329 1197 2382 (-τήν
1218 2329 1344 2368 etiam
1364 2329 1412 2377 Σ)
1531 2325 1637 2374 1269
1661 2323 1856 2362 Fortasse

192 2391 289 2440 Ζηνί
306 2407 370 2432 τοι
500 2402 602 2439 1272
632 2388 822 2442 κέκραται
845 2387 878 2425 Ρ
893 2386 931 2425 Ο
946 2400 971 2425 v
1072 2385 1110 2426 τ’
1133 2397 1216 2424 om.
1239 2383 1279 2421 A
1294 2383 1328 2420 L
1458 2379 1697 2430 1272—1288
1726 2391 1807 2417 om.
1823 2377 1857 2415 B

196 2446 300 2495 1276
327 2444 469 2487 παύσω
490 2444 550 2483 M²
565 2444 709 2483 Haun.
852 2441 983 2490 λύπης
1002 2439 1041 2479 V
1238 2449 1338 2486 1277
1369 2436 1513 2476 πυλίου
1533 2433 1623 2473 AV
1642 2448 1651 2473 ε
1679 2445 1785 2472 corr.
1805 2431 1856 2470 V¹

196 2513 301 2551 1279
330 2501 433 2541 οὕτω
451 2502 598 2553 γαμεῖν
617 2498 906 2538 Wilamowitz
1036 2495 1072 2535 εἶ
1090 2494 1170 2548 χρὴ
1190 2495 1338 2546 γαμεῖν
1357 2491 1438 2544 χρὴ
1459 2491 1511 2531 τὰ
1533 2489 1577 2529 ἔκ
1596 2505 1644 2529 τε
1663 2487 1858 2539 γενναίων

191 2558 338 2608 γαμεῖν
352 2554 472 2595 Stob.
489 2567 553 2604 72.
570 2567 596 2603 3
704 2554 808 2591 1280
830 2555 869 2592 ἐς
883 2564 965 2589 om.
978 2549 1061 2589 VL
1169 2547 1364 2597 βούλεται
1375 2544 1475 2584 AV³
1590 2543 1692 2581 1282
1716 2539 1859 2592 ζαχρύ-

193 2625 288 2651 σους
305 2609 424 2650 Stob.
445 2610 469 2650 l.
486 2623 521 2650 e.
706 2610 861 2648 εἵσεται
878 2606 911 2644 L
1022 2602 1232 2655 &duovsVz
1257 2613 1366 2640 corr.
1386 2599 1439 2638 V2
1624 2596 1726 2644 1283
1747 2595 1803 2634 H.
1820 2608 1858 2635 V.

193 2665 238 2703 in
268 2665 362 2704 loco
393 2677 448 2703 ex
473 2663 661 2713 Antiope
691 2663 818 2702 citato
847 2661 978 2700 habet
1008 2658 1126 2698 Stob.
1158 2670 1221 2708 70.
1254 2669 1304 2695 10
1332 2657 1371 2696 ἐς
1400 2652 1522 2694 τέλος
1552 2656 1682 2693 κακῶς
1711 2651 1859 2699 legens

193 2724 326 2761 καλῶς
341 2718 410 2758 ·V².
483 2719 681 2757 Fortasse
702 2718 740 2757 οἱ
761 2719 806 2756 ἐκ
827 2720 926 2756 θεῶν
945 2713 1173 2763 legendum
1340 2708 1604 2757 Subscriptio
1624 2705 1796 2744 evanuit
1816 2704 1858 2741 in

194 2773 252 2814 Μ.
307 2772 431 2815 τέλος
451 2771 731 2827 Ἀνδρομάχης
759 2770 800 2809 Α
829 2770 906 2821 (Ἀ.
938 2785 976 2809 τ.
1008 2767 1097 2818 V):
1132 2765 1342 2819 Εὐριπίδου
1361 2762 1484 2804 τέλος
1513 2757 1793 2814 Ἀνδρομάχης
1826 2757 1859 2795 L

196 2830 251 2880 (τ.
278 2831 343 2869 Εὐ.
367 2828 427 2869 Ἀ.
454 2827 506 2879 Ρ)
