2118 3366
863 126 1180 175 ΜΗΔΕΙΑ

321 259 437 312 ἀλλ’
467 259 682 323 ἄντομαί
707 278 769 309 σε
799 259 953 321 τῆσδε
983 254 1105 322 πρὸς
1136 254 1390 322 γενειάδος

319 342 545 412 γονάτων
575 364 629 394 τε
660 346 759 392 τῶν
790 346 896 391 σῶν
928 341 1093 391 ἱκεσία
1122 361 1176 390 τε
1205 339 1455 405 γίγνομαι,
1778 355 1859 396 710

322 430 539 494 οἴκτιρον
569 425 785 491 οἵκτιρόν
814 445 877 489 με
907 422 997 487 τὴν
1028 423 1334 487 δυσδαίμονα

323 512 402 562 καὶ
430 510 498 576 μή
528 509 578 574 μ’
611 508 793 575 ἔρημον
824 509 1141 558 ἐκπεσοῦσαν
1173 507 1377 576 εἶσίδῃς,

322 591 459 657 δέξαι
488 596 542 645 δὲ
571 592 711 660 χώρᾳ
743 591 821 642 καὶ
854 591 1023 655 δόμοις
1054 589 1310 655 ἐφέστιον.

322 678 476 730 οὕτως
507 676 628 743 ἔρως
660 675 743 727 σοὶ
775 674 897 741 πρὸς
929 677 1056 725 θεῶν
1086 673 1398 740 τελεσφόρος

321 760 518 829 γένοιτο
548 761 752 818 παίδων,
789 757 964 810 καύτὸς
996 758 1175 822 ὄλβιος
1206 755 1389 809 θάνοις.
1607 790 1615 797 ·
1780 769 1859 814 Ι715

325 847 510 911 εὕρημα
541 843 582 895 δ’
616 843 702 894 οὐκ
734 841 865 893 οἶσθ’
897 843 1004 892 οἷον
1034 841 1249 907 ηὕρηκας
1279 841 1408 891 τόδε·

325 928 501 981 παύσω
533 927 588 979 δέ
618 926 665 977 σ’
697 925 799 978 ὄντ’
830 924 1015 977 ἄπαιδα
1046 925 1124 975 καὶ
1155 926 1345 976 παίδων
1375 925 1528 990 γονὰς

325 1012 533 1079 σπεῖραί
562 1033 622 1063 σε
654 1009 810 1075 θήσω·
857 1008 1012 1060 τοιάδ’
1044 1008 1153 1060 οἶδα
1184 1007 1437 1075 φάρμακα.

200 1099 278 1149 Αι.
326 1101 533 1148 πολλῶν
565 1096 703 1148 ἕκατι
732 1093 880 1158 τήνδε
911 1115 995 1144 σοι
1025 1097 1192 1144 δοῦναι
1223 1091 1387 1160 χάριν,

324 1181 483 1248 γύναι,
518 1180 765 1245 πρόθυμός
797 1180 910 1243 εἶμι,
945 1182 1115 1244 πρῶτα
1145 1180 1235 1242 μὲν
1266 1179 1407 1235 θεῶν,
1660 1164 1663 1168 ⁵
1784 1188 1864 1233 720

327 1265 499 1316 ἔπειτα
528 1265 718 1315 παίδων
748 1264 817 1314 ὧν
849 1260 1141 1332 ἐπαγγέλλῃ
1173 1259 1341 1327 γονάς·

325 1350 376 1402 ἐς
404 1353 548 1400 τοῦτο
579 1350 674 1415 γὰρ
704 1346 762 1411 δὴ
797 1347 1011 1414 φροῦδός
1042 1348 1139 1411 εἶμι
1169 1349 1264 1398 πᾶς
1297 1344 1411 1411 ἐγώ.

326 1433 451 1484 οὕτω
484 1432 526 1482 δ’
556 1432 663 1500 ἔχει
690 1450 791 1497 μοι·
842 1435 935 1481 σοῦ
964 1432 1055 1495 μὲν
1088 1430 1332 1493 ἐλθούσης
1363 1428 1538 1496 χθόνα,

328 1515 636 1583 πειράσομαί
666 1537 758 1566 σου
788 1514 1048 1581 προξενεῖν
1078 1515 1266 1566 δίκαιος
1297 1513 1379 1563 ὤν.

326 1601 480 1652 τόσον
510 1621 570 1666 γε
597 1599 768 1665 μέντοι
800 1620 883 1650 σοι
912 1599 1254 1664 προσημαίνω,
1289 1597 1450 1663 γύναι·
1782 1608 1861 1651 725

328 1686 382 1736 ἐκ
412 1688 565 1748 τῆσδε
594 1687 684 1749 μὲν
715 1687 807 1750 γῆς
839 1683 894 1733 οὔ
926 1682 975 1732 σ’
1006 1681 1148 1749 ἄγειν
1177 1679 1515 1746 βουλήσομαι,

328 1768 450 1832 αὐτὴ
481 1767 521 1819 δ’
554 1767 736 1834 ἐάνπερ
768 1770 837 1820 εἷς
869 1766 1016 1832 ἐμοὺς
1048 1766 1198 1836 ἔλθῃς
1230 1766 1423 1830 δόμους,

327 1856 491 1918 μενεῖς
519 1851 710 1905 ἄσυλος
741 1852 826 1902 κοῦ
860 1873 920 1902 σε
950 1850 1015 1915 μὴ
1047 1853 1178 1914 μεθῶ
1210 1870 1322 1900 τινι.

329 1939 383 1988 ἐκ
413 1939 568 2001 τῆσδε
597 1936 639 1987 δ’
672 1935 792 2000 αὐτὴ
823 1938 915 2002 γῆς
946 1932 1287 1986 ἀπαλλάσσου
1318 1933 1462 1984 πόδα·

328 2022 545 2073 ἀναίτιος
576 2022 670 2087 γὰρ
703 2020 781 2071 καὶ
812 2018 973 2084 ξένοις
1006 2018 1131 2070 εἶναι
1164 2016 1309 2068 θέλω.
1782 2028 1864 2071 730

205 2109 309 2165 Μη.
329 2105 473 2157 ἔσται
503 2104 624 2156 τάδ’·
672 2106 807 2156 ἀλλὰ
838 2104 1007 2156 πίστις
1038 2104 1080 2154 εἰ
1111 2101 1307 2169 γένοιτό
1334 2123 1416 2166 μοι

328 2189 532 2247 τούτων,
567 2188 726 2257 ἔχοιμ’
757 2188 818 2239 ἂν
849 2186 1011 2239 πάντα
1043 2186 1166 2253 πρὸς
1197 2185 1344 2237 σέθεν
1378 2190 1556 2238 καλῶς.

205 2276 283 2324 Αι.
329 2278 434 2338 μῶν
464 2273 520 2324 οὐ
553 2272 819 2332 πέποιθας;
867 2268 896 2335 ἢ
928 2272 979 2322 τί
1008 2292 1090 2321 σοι
1121 2270 1179 2321 τὸ
1211 2268 1474 2338 δυσχερές;

204 2360 307 2421 Μη.
330 2356 558 2410 πέποιθα·
606 2359 796 2408 Πελίου
828 2355 869 2406 δ’
902 2356 1082 2423 ἐχθρός
1114 2355 1231 2406 ἐστί
1254 2375 1338 2419 μοι
1370 2353 1517 2418 δόμος

331 2441 502 2508 Κρέων
533 2464 602 2492 τε.
691 2440 885 2493 τούτοις
917 2439 957 2490 δ’
991 2440 1204 2506 ὁρκίοισι
1233 2440 1325 2503 μὲν
1360 2437 1517 2504 ζυγεὶς
1787 2450 1865 2492 735

328 2524 538 2591 ἄγουσιν
569 2526 624 2576 οὐ
655 2525 815 2590 μεθεῖ’
848 2524 909 2575 ἂν
941 2526 994 2574 ἐκ
1025 2525 1170 2590 γαίας
1201 2521 1303 2587 ἐμέ·

266 2651 453 2690 710—715
485 2646 658 2681 exstant
679 2641 722 2680 in
746 2649 780 2682 Π
989 2654 1068 2690 710
1097 2646 1180 2682 τῶν
1207 2655 1290 2682 om.
1309 2643 1397 2680 VB
1414 2643 1469 2682 P:
1499 2641 1625 2683 habet
1647 2653 1682 2686 Π
1830 2664 1876 2687 τε

211 2693 327 2744 (post
348 2696 500 2747 ἱκεσία)
521 2709 601 2735 om.
628 2696 662 2734 P
682 2709 787 2734 eras.
813 2695 854 2733 in
878 2696 911 2734 B
1069 2709 1162 2744 714,
1187 2708 1264 2746 715
1295 2697 1422 2735 habet
1445 2705 1479 2738 Π
1638 2711 1716 2749 715
1747 2699 1876 2742 θάνοις

210 2747 258 2812 {J
275 2748 336 2788 P:
365 2749 495 2812 Og'vezs
516 2751 578 2788 L:
609 2749 727 2804 θάνῃς
748 2750 837 2789 AV
852 2750 886 2787 B
1039 2763 1114 2799 717
1146 2757 1370 2802 suspectus
1520 2766 1593 2802 721
1627 2753 1681 2795 ὧν
1702 2755 1845 2794 Haun.
1866 2770 1874 2793 :

208 2809 261 2843 dne
283 2804 342 2842 L:
375 2809 430 2845 ὡν
448 2803 489 2855 μ’
511 2803 601 2844 rell.
624 2804 641 2842 l
784 2803 998 2856 ἐπαγγέλη
1018 2805 1058 2843 V
1252 2819 1330 2855 723
1361 2805 1448 2857 ἔχει
1468 2807 1591 2861 μοιμῖ,
1607 2808 1709 2848 Bv:
1740 2809 1876 2862 ἔχοιμι

208 2856 412 2897 AVB²P
596 2860 784 2909 725-728
828 2859 1010 2898 Damnat
1043 2857 1295 2904 Kirchhoff:
1337 2862 1413 2899 sed
1445 2875 1656 2911 personae
1687 2877 1876 2915 congrua

207 2913 375 2952 lteratio
488 2925 565 2963 725
585 2914 755 2954 τοσόνδε
772 2912 910 2961 μέντοι
927 2930 991 2954 σοι
1008 2919 1249 2967 προσημανῶ
1272 2915 1306 2952 Β
1422 2926 1501 2965 735
1531 2916 1714 2959 τούτοισι
1736 2919 1771 2960 δ’
1785 2919 1823 2958 V
1838 2919 1872 2957 B

209 2969 288 3017 736
315 2966 445 3018 μεθεῖ’
467 2967 501 3006 L
521 2975 564 3007 et
584 2974 615 3012 Σ
636 2973 679 3007 et
701 2968 878 3007 fortasse
897 2966 936 3006 V
959 2969 1113 3021 (μεῠωωε)
1132 2982 1141 3007 :
1170 2973 1301 3020 μεθεῖς
1324 2969 1358 3008 Β
1376 2970 1409 3008 Ρ
1427 2985 1435 3009 :
1464 2975 1587 3021 μεθῆς
1606 2973 1683 3012 Av
