2118 3366
895 127 1337 192 ΕΥΡΙΠΙΔΟΥ

277 281 542 320 ΠΗΛΕΥΣ

399 357 526 421 ὑμᾶς
555 357 721 422 ἐρωτῶ
752 357 839 408 τόν
868 356 912 408 τ’
946 359 1209 424 ἐφεστῶτα
1240 363 1435 430 σφαγῇ,

400 441 455 491 τί
478 443 654 499 ταῦτα,·
700 444 805 493 πῶς
834 440 995 500 ταῦτ’,·
1043 443 1098 491 ἐκ
1128 442 1264 493 τίνος
1291 441 1450 507 λόγου
1480 443 1626 492 νοσεῖ

401 523 575 588 δόμος,·
621 524 673 575 τί
697 522 943 589 πράσσετ’
975 523 1148 590 ἄκριτα
1176 524 1551 591 μηχανώμενοι;

403 605 645 665 Μενέλα’,
679 608 906 674 ἐπίσχες·
951 606 1018 672 μὴ
1050 606 1224 675 τάχυν’
1255 606 1373 659 ἄνευ
1402 608 1556 672 δίκης.
1593 646 1604 658 .
1639 647 1650 658 .
1685 625 1713 659 .·
1866 623 1950 664 550

404 690 530 757 ἡγοῦ
561 690 626 741 σὺ
658 694 871 750 θᾶσσον,
907 691 962 742 οὗ
991 693 1087 758 γὰρ
1120 692 1184 745 ὣς
1215 690 1346 742 ἔοικέ
1373 712 1458 756 μοι

403 777 599 841 σχολῆς
628 774 728 825 τόδ’
760 775 925 842 ἔργον·
972 774 1088 826 ἀλλ’
1118 775 1462 841 ἀνηβητηρίαν

399 858 568 924 ῥώμην
597 857 648 923 μ’
678 860 864 910 ἐπαινῶ
894 857 1195 924 λαμβάνειν,
1231 861 1368 926 εἴπερ
1399 858 1535 910 ποτέ.
1575 898 1586 910 .
1624 899 1634 911 .
1668 897 1680 911 .

401 946 599 1007 πρῶτον
629 944 721 1007 μὲν
751 943 838 993 οῦν
871 943 973 994 κατ’
1005 942 1149 1009 οὖρον
1180 943 1349 1010 ὥσπερ
1382 943 1561 996 ἱστίοις

403 1026 745 1091 ἐμπνεύσομαι
774 1026 895 1098 τῇδ’·
943 1025 1068 1085 εἰπέ,
1100 1029 1199 1078 τίνι
1228 1027 1337 1098 δίκῃ
1367 1026 1520 1094 χέρας
1868 1044 1949 1084 555

401 1110 674 1177 βρόχοισιν
705 1108 1007 1174 ἐκδήσαντες
1038 1110 1128 1162 οἵδ’
1160 1110 1347 1178 ἄγουσί
1374 1132 1435 1162 σε
1708 1114 1711 1116 Δ

404 1194 483 1244 καὶ
513 1193 670 1253 παῖδ’;
716 1195 935 1260 ὕπαρνος
964 1193 1059 1261 γάρ
1091 1215 1164 1247 τις
1195 1194 1269 1247 οἶς
1301 1195 1608 1252 ἀπόλλυσαι,

401 1277 540 1341 ἡμῶν
573 1278 801 1329 ἀπόντων
831 1283 917 1329 τοῦ
945 1299 1001 1329 τε
1033 1280 1197 1345 κυρίου
1229 1277 1393 1330 σέθεν.

276 1363 364 1411 Αν.
399 1360 507 1419 οἵδ’,
541 1358 578 1411 ὦ
610 1361 794 1428 γεραιέ,
829 1362 924 1413 σὺν
954 1361 1109 1432 τέκνῳ
1142 1361 1451 1428 θανουμένην

404 1444 591 1511 ἄγουσί
614 1445 665 1510 μ’
697 1447 849 1499 οὕτως
881 1446 945 1499 ὡς
976 1447 1107 1516 ὁρᾷς.
1195 1448 1247 1498 τί
1275 1468 1360 1498 σοι
1389 1446 1548 1515 λέγω,·
1870 1450 1952 1502 5⁶0

403 1529 460 1579 οὐ
489 1531 584 1596 γὰρ
613 1533 728 1594 μιᾶς
759 1551 819 1581 σε
852 1531 1092 1595 κληδόνος
1122 1533 1369 1599 προθυμίᾳ

400 1616 667 1677 μετῆλθον,
702 1615 835 1666 ἀλλὰ
864 1615 1050 1681 μυρίων
1080 1615 1161 1666 ὑπ’
1193 1615 1442 1682 ἀγγέλων.

401 1698 504 1763 ἔριν
535 1700 588 1749 δὲ
620 1697 710 1761 τὴν
743 1698 847 1749 κατ’
880 1698 1016 1750 οἶκον
1048 1698 1198 1750 οἶσθά
1229 1721 1323 1751 που
1355 1700 1519 1751 κλύων

401 1784 487 1845 τῆς
518 1786 659 1833 τοῦδε
690 1784 946 1850 θυγατρός,
981 1785 1049 1834 ὧν
1080 1784 1122 1834 τ’
1154 1784 1442 1849 ἀπόλλυμαι
1470 1782 1635 1851 χάριν.

402 1865 481 1915 καὶ
512 1870 597 1917 νῦν
626 1888 688 1931 με
717 1872 893 1932 βωμοῦ
924 1867 1149 1926 Θέτιδος,
1181 1866 1212 1931 ἢ
1243 1867 1329 1918 τὸν
1361 1869 1536 1935 εὐγενῆ
1871 1871 1947 1921 565

401 1948 561 2000 ἔτικτέ
590 1972 674 2001 σοι
704 1951 854 2009 παῖδ’,
888 1950 949 2015 ἢν
982 1951 1046 2002 σὺ
1078 1951 1368 2016 θαυμαστὴν
1400 1950 1591 2017 σέβεις,

401 2032 576 2099 ἄγουσ’
609 2034 1017 2093 ἀποσπάσαντες,
1053 2036 1165 2086 οὔτε
1194 2057 1261 2104 τῳ
1293 2037 1403 2106 δίκῃ

403 2117 655 2183 κρίναντες
688 2119 801 2170 οὔτε
830 2119 943 2172 τοὺς
974 2120 1191 2172 ἀπόντας
1223 2122 1276 2170 ἐκ
1307 2121 1473 2185 δόμων

399 2202 671 2265 μείναντες,
706 2203 841 2253 ἀλλὰ
871 2203 961 2267 τὴν
993 2203 1116 2268 ἐμὴν
1147 2205 1353 2270 ἐρημίαν

400 2286 605 2351 γνόντες
634 2286 806 2339 τέκνου
836 2309 890 2339 τε
920 2287 1067 2346 τοῦδ’,
1101 2286 1158 2339 ὃν
1189 2288 1331 2340 οὐδὲν
1363 2290 1521 2340 αἴτιον
1867 2302 1950 2343 570

397 2368 646 2433 μέλλουσι
678 2371 771 2422 σὺν
803 2373 910 2436 ἐμοὶ
941 2379 1001 2444 τῇ
1032 2373 1332 2441 ταλαιπώρῳ
1369 2376 1570 2424 κτενεῖν.

400 2453 517 2504 ἀλλ’
549 2454 759 2518 ἀντιάζω
792 2455 858 2514 σ’,
894 2453 931 2507 ὦ
963 2455 1127 2523 γέρον,
1161 2460 1259 2507 τῶν
1290 2461 1396 2507 σῶν
1427 2455 1583 2523 πάρος

327 2571 408 2619 548
437 2574 519 2611 πῶς
545 2573 680 2617 ταῦτ’,·
715 2574 759 2611 ἐκ
782 2571 892 2610 LP:
922 2573 987 2612 καὶ
1008 2576 1091 2612 πῶς
1111 2575 1186 2612 τέκ
1207 2571 1248 2609 Μ
1265 2570 1382 2610 AV:
1416 2572 1481 2612 καὶ
1511 2576 1594 2612 πῶς
1621 2573 1699 2612 κᾶκ
1726 2571 1761 2610 Β
1780 2570 1843 2610 O:
1881 2571 1946 2611 καὶ

270 2628 354 2664 πῶς
365 2643 379 2670 ;
421 2627 465 2665 ἐκ
498 2625 673 2663 Nauck:
713 2630 796 2667 πῶς
824 2643 873 2666 τε
903 2628 980 2666 κάκ
1011 2626 1298 2665 Wilamowitz
1332 2627 1433 2678 (πῶς
1462 2630 1594 2667 ταῦτα
1619 2625 1771 2678 ’γέγονε
1806 2626 1870 2666 καὶ
1905 2625 1948 2665 τί

270 2681 404 2719 ταῦτα
431 2679 538 2730 ΣΜ)
744 2692 826 2730 550
865 2681 949 2720 del.
979 2680 1304 2720 Wilamowitz:
1343 2688 1446 2720 ante
1479 2694 1517 2721 v.
1553 2692 1632 2730 547
1666 2680 1760 2719 trai.
1796 2678 1945 2718 Bruhn

271 2743 348 2780 551
384 2732 551 2786 γέροντί
578 2751 646 2785 μοι
678 2734 739 2772 M2
767 2735 811 2773 in
843 2735 940 2774 loco
970 2736 1151 2774 evanido
1372 2747 1453 2785 553
1492 2741 1749 2785 suspectus:
1786 2735 1828 2785 μ’
1860 2747 1942 2773 om.

273 2787 308 2824 L
321 2787 355 2824 P
371 2787 407 2825 B
421 2793 452 2831 Σ
472 2804 480 2827 :
511 2789 554 2827 in
577 2790 825 2840 parenthesi
848 2793 996 2831 ἐπαινῶ
1014 2792 1043 2841 (⁶
1058 2790 1270 2842 bemgne’)
1288 2803 1438 2830 senem
1459 2790 1604 2829 dicere
1625 2796 1747 2840 putat
1762 2788 1944 2836 Verrall,

271 2843 382 2880 servi
413 2843 618 2883 auxilium
648 2845 936 2884 abnuentem:
975 2861 1026 2895 με
1055 2847 1120 2886 καὶ
1152 2848 1223 2887 νῦν
1253 2844 1367 2884 Platt
1531 2856 1613 2894 554
1644 2844 1714 2886 οὖν
1743 2857 1825 2883 om.
1861 2842 1946 2881 LP

270 2897 353 2945 556
382 2898 627 2947 ἐνδήσαντες
648 2898 827 2937 Pierson
941 2911 1019 2948 557
1051 2900 1108 2941 οἷς
1131 2899 1334 2949 Hartung
1355 2901 1426 2950 (ὡς
1446 2900 1620 2952 ὕπαρνον
1639 2898 1847 2952 πρόβατον
1866 2898 1942 2946 Σ);

271 2953 322 2991 ὡς
342 2953 466 2991 codd.
584 2953 812 2994 ἀπόλλυται
832 2953 873 2992 Α
1001 2955 1086 3003 566
1115 2953 1271 3006 σέβεις]
1292 2971 1357 3007 γρ.
1378 2955 1491 3006 ἄγεις
1510 2959 1542 2997 Σ
1667 2955 1746 3003 567
1778 2950 1943 3005 ἄγουσ’]

268 3022 333 3059 γρ.
358 3007 474 3059 ἄγειν
496 3006 537 3045 Μ
724 3009 806 3057 568
835 3010 928 3048 οὕτε
947 3008 1014 3047 V:
1044 3007 1135 3049 οὐδὲ
1156 3008 1249 3048 rell.
1435 3021 1513 3057 571
1546 3011 1710 3049 κτανεῖν
1731 3007 1852 3045 codd·
