2118 3366
919 143 1356 194 ΕΥΡΙΠΙΔΟΥ

430 273 622 328 νικῶσι,
655 269 853 337 πυγμὴν
885 272 964 324 καὶ
994 271 1178 338 πάλην,
1209 275 1518 341 βουφόρβια·

431 351 552 419 γυνὴ
584 351 627 404 δ’
659 352 736 405 ἐπ’
766 353 931 409 αὐτοῖς
961 355 1130 408 εἵπετ’·
1177 358 1433 426 ἐντυχόντι
1462 360 1517 411 δὲ

430 434 645 503 αἰσχρὸν
673 442 903 504 παρεῖναι
935 438 1102 506 κέρδος
1131 438 1192 504 ἦν
1221 440 1323 493 τόδ’
1355 440 1572 496 εὐκλεές.

431 518 563 578 ἀλλ’,
596 519 767 587 ὥσπερ
799 520 955 582 εἶπον,
989 523 1071 575 σοὶ
1099 522 1272 588 μέλειν
1301 530 1509 591 γυναῖκα
1537 523 1653 594 χρή·

428 601 486 653 οὗ
514 605 610 669 γὰρ
644 606 906 665 κλοπαίαν,
940 607 1076 658 ἀλλὰ
1107 607 1202 660 σὺν
1233 609 1366 678 πόνῳ
1395 609 1575 674 λαβὼν
1858 626 1967 669 1035

427 685 547 750 ἥκω·
591 688 756 757 χρόνῳ
787 691 841 741 δὲ
874 689 953 740 καὶ
984 690 1049 741 σύ
1076 690 1127 756 μ’
1157 690 1374 745 αἷνέσεις
1401 694 1541 746 ἴσως.

306 772 395 820 Αδ.
427 769 562 821 οὗτοι
593 770 643 821 σ·’
674 772 850 836 ἀτίζων
881 772 982 824 οὐδ’
1014 775 1067 825 ἐν
1099 775 1389 842 αἰσχροῖσιν
1419 777 1571 831 τιθεὶς

429 852 603 920 ἔκρυψ’
634 856 752 919 ἐμῆς
782 856 1014 923 γυναικὸς
1045 858 1221 910 ἀθλίου
1250 859 1422 927 τύχας·

430 936 546 988 ἀλλ’
576 936 732 1005 ἄλγος
762 938 908 1006 ἄλγει
938 941 1067 992 τοῦτ’
1097 940 1158 993 ἂν
1189 941 1251 1006 ἦν
1280 943 1658 1009 προσκείμενον,

431 1022 477 1072 εἴ
503 1041 589 1072 του
620 1021 741 1088 πρὸς
771 1022 932 1076 ἄλλου
964 1024 1148 1090 δώμαθ’
1179 1025 1408 1093 ὡρμήθης
1438 1026 1598 1092 ξένου·
1865 1046 1971 1086 1040

429 1103 542 1158 ἅλις
573 1107 626 1157 δὲ
658 1107 848 1159 κλαίειν
878 1106 1060 1174 τούμὸν
1090 1107 1151 1173 ἧν
1181 1111 1289 1175 ἐμοὶ
1322 1112 1486 1164 κακόν.

428 1192 635 1254 γυναῖκα
666 1189 724 1248 δ’,
759 1192 806 1243 εἴ
833 1212 937 1244 πως
968 1191 1125 1252 ἔστιν,
1158 1195 1390 1260 αἰτοῦμαί
1415 1195 1483 1254 σ’,
1517 1193 1658 1259 ἄναξ,

428 1270 588 1324 ἄλλον
618 1273 709 1325 τιν’
740 1274 881 1328 ὅστις
911 1275 978 1340 μὴ
1010 1275 1259 1330 πέπονθεν
1290 1278 1352 1330 οἷ’
1384 1280 1482 1346 ἐγὼ

431 1353 606 1425 σῴζειν
637 1356 827 1426 ἄνωχθι
861 1363 1170 1413 Θεσσαλῶν·
1216 1364 1399 1415 πολλοὶ
1431 1362 1486 1415 δέ
1516 1384 1599 1415 σοι

429 1438 564 1503 ξένοι
596 1443 842 1508 Φεραίων·
887 1442 955 1508 μή
985 1443 1036 1509 μ’
1069 1443 1360 1518 ἀναμνήσῃς
1389 1451 1568 1499 κακῶν.
1863 1464 1968 1505 1045

428 1522 515 1574 οὐκ
545 1523 605 1576 ἂν
635 1527 873 1591 δυναίμην
904 1526 1040 1592 τήνδ’
1072 1530 1199 1595 ὁρῶν
1231 1532 1283 1582 ἐν
1314 1531 1538 1596 δώμασιν

428 1606 639 1674 ἄδακρυς
670 1609 810 1662 εἶναι·
857 1611 924 1677 μὴ
956 1614 1192 1665 νοσοῦντί
1215 1635 1300 1679 μοι
1328 1615 1482 1668 νόσον

428 1695 668 1766 προσθῇς·
714 1692 827 1748 ἄλις
857 1698 955 1762 γὰρ
987 1703 1223 1768 συμφορᾷ
1251 1698 1547 1765 βαρύνομαι.

429 1780 523 1828 ποῦ
555 1778 634 1829 καὶ
664 1777 886 1846 τρέφοιτ’
918 1779 979 1831 ἂν
1014 1780 1249 1846 δωμάτων
1280 1781 1369 1834 νέα
1398 1782 1546 1849 γυνή,·

427 1859 516 1911 νέα
545 1859 655 1929 γάρ,
690 1861 755 1916 ὡς
786 1864 965 1928 ἐσθῆτι
996 1864 1075 1915 καὶ
1108 1866 1275 1936 κόσμῳ
1308 1866 1500 1933 πρέπει.
1867 1884 1971 1926 1050

427 1944 611 2011 πότερα
642 1944 747 1997 κατ’
779 1948 970 2014 ἀνδρῶν
1003 1948 1110 2013 δῆτ’
1142 1948 1391 2014 ἐνοικήσει
1421 1949 1633 2018 στέγην,·

427 2029 506 2079 καὶ
538 2033 641 2083 πῶς
672 2031 949 2098 ἀκραιφνὴς
983 2034 1036 2084 ἐν
1067 2032 1196 2087 νέοις
1228 2034 1573 2102 στρωφωμένη

428 2111 595 2173 ἔσται;
642 2113 728 2166 τὸν
758 2114 966 2180 ῆβῶνθ’,
1000 2115 1286 2183 “Ηρόικλεις,
1319 2120 1376 2171 οὗ
1406 2116 1577 2189 ῥᾴδιον

428 2197 625 2263 εἵργειν·
673 2198 771 2264 ἐγὼ
802 2201 854 2250 δὲ
887 2204 980 2251 σοῦ
1010 2202 1288 2267 προμηθίαν
1319 2202 1436 2270 ἔχω.

427 2273 458 2342 ἢ
488 2282 574 2344 τῆς
606 2282 854 2347 θανούσης
887 2282 1115 2349 θάλαμον
1148 2284 1379 2351 ἐσβήσας
1408 2285 1601 2354 τρέφω,·
1861 2303 1967 2343 1055

429 2363 508 2414 καὶ
539 2369 643 2418 πῶς
673 2367 913 2434 ἐπεσφρῶ
947 2366 1092 2431 τήνδε
1123 2373 1189 2439 τῷ
1221 2371 1385 2435 κείνης
1413 2369 1582 2439 λέχει;

428 2449 609 2513 διπλῆν
640 2454 896 2516 φοβοῦμαι
927 2450 1138 2520 μέμψιν,
1174 2452 1227 2505 ἔκ
1257 2475 1311 2506 τε
1341 2458 1581 2519 δημοτῶν,

359 2563 462 2612 1036
499 2563 540 2614 μ’
569 2564 680 2605 VB:
720 2565 763 2617 γ’
796 2565 878 2605 LP
1076 2580 1176 2618 1037
1218 2568 1366 2620 ἀτίζων
1394 2568 1588 2620 Scaliger
1619 2569 1680 2622 (et
1711 2570 1969 2610 Harleianus

300 2619 450 2667 5743):
479 2617 679 2669 ἀτιμάζων
698 2620 819 2659 codd.
842 2627 886 2660 et
906 2620 1059 2662 lemma
1075 2627 1106 2666 Σ
1273 2627 1504 2676 αἰσχροῖσιν
1525 2625 1559 2663 L
1576 2625 1609 2664 P
1631 2625 1802 2675 (supple
1823 2625 1938 2670 αὐτό)
1956 2639 1966 2666 :

291 2676 507 2728 ’ἐχθροῖσιν
535 2675 638 2725 VB,
672 2677 747 2716 sed
777 2677 1004 2730 αι’χθροῖσιν
1032 2679 1227 2729 primitus
1255 2679 1295 2717 V
1489 2682 1592 2730 1038
1630 2682 1791 2724 ἀθλίους
1820 2683 1855 2722 Β
1873 2684 1911 2723 O
1932 2685 1970 2724 D

304 2742 409 2780 1039
437 2731 699 2783 προκείμενον
718 2731 757 2769 V
772 2730 806 2770 P
1002 2746 1107 2782 1040
1138 2736 1178 2774 εἴ
1192 2734 1284 2786 του]
1308 2737 1418 2788 εἴπερ
1440 2735 1473 2774 L
1489 2735 1522 2774 P
1720 2749 1823 2787 1045
1851 2739 1906 2789 μή
1925 2739 1969 2790 μ’

299 2784 531 2838 ἀναμνήσῃς
555 2785 588 2823 L
602 2785 635 2823 P
653 2799 663 2824 z
691 2786 747 2834 μή
766 2803 816 2836 με
835 2786 1038 2836 μιμνήσης
1056 2788 1090 2825 Β
1107 2788 1146 2826 D
1161 2790 1237 2827 sed
1258 2789 1301 2827 in
1320 2789 1355 2827 B
1373 2802 1545 2829 rasurae
1566 2804 1694 2842 supra
1716 2799 1758 2832 et
1780 2799 1876 2842 post
1893 2810 1938 2843 μι
1957 2806 1968 2833 2

296 2838 352 2889 μή
371 2856 421 2889 με
439 2839 678 2890 μιμνήσκεις
697 2839 763 2879 V·:
793 2841 908 2879 unde
927 2841 982 2892 μὴ
1003 2841 1083 2892 ’μέ·
1111 2843 1349 2894 μιμνήσκεις
1372 2843 1608 2884 Kirchhoff
1716 2860 1817 2898 1051
1852 2848 1964 2899 κατ’]

296 2891 387 2941 μετ’
409 2893 630 2932 Hermann
743 2894 792 2941 δή
812 2893 890 2936 τιν’
907 2895 1062 2944 οἰκήσει
1085 2895 1120 2935 Β
1235 2909 1339 2947 1055
1369 2898 1550 2948 θάλαμον
1569 2901 1767 2948 εἰσβήσω·
1789 2903 1825 2942 Β
1842 2902 1880 2938 O
1897 2903 1963 2946 D:

297 2948 352 2988 εἷς
374 2947 554 2998 θάλαμον
574 2948 706 2997 βήσας
725 2948 765 2988 V
779 2949 812 2988 L
828 2950 861 2988 P
878 2962 887 2988 t
919 2949 1097 3001 θάλαμον
1122 2952 1304 3002 ἐμβὴσας
1325 2952 1521 2992 Schmidt
