2118 3366
673 666 1291 734 ΑΛΚΗΣΤΙΣ

155 904 472 945 ΑΠΟΛΛΩΝ

271 980 345 1031 ’ΧΩ
375 977 556 1044 δώματ’
586 974 855 1042 Ἀδμήτει’,
889 978 942 1028 ἐν
972 977 1046 1030 οῖς
1077 976 1227 1041 ἔτλην
1261 977 1360 1043 ἐγὼ

280 1068 481 1129 θῆσσαν
508 1061 752 1130 τράπεζαν
784 1059 981 1113 αἰνέσαι
1012 1061 1123 1114 θεός
1152 1082 1244 1127 περ
1274 1061 1358 1112 ὤν.

280 1147 404 1201 Ζεὺς
434 1149 529 1214 γὰρ
559 1147 801 1198 κατακτὰς
830 1148 983 1197 παῖδα
1010 1144 1097 1196 τὸν
1129 1143 1246 1209 ἐμὸν
1276 1147 1430 1197 αἴτιος

279 1231 609 1296 Ἀσκληπιόν,
643 1228 929 1296 στέρνοισιν
958 1230 1199 1294 ἐμβαλὼν
1229 1229 1419 1295 φλόγα·

280 1316 337 1367 οὗ
367 1315 425 1380 δὴ
457 1314 703 1382 χολωθεὶς
724 1312 966 1366 ,τέκτονας
998 1314 1123 1364 Δίου
1154 1312 1306 1379 πυρὸς
1799 1329 1822 1368 5

284 1401 454 1452 κτείνω
487 1399 781 1452 Κύκλωπας·
829 1398 916 1449 καί
937 1419 1000 1462 με
1031 1397 1252 1461 θητεύειν
1283 1396 1443 1462 πατὴρ

281 1487 441 1553 θνητῷ
471 1482 585 1549 παρ’
615 1482 755 1548 ἀνδρὶ
782 1480 926 1533 τῶνδ’
959 1480 1120 1532 ἄποιν’
1150 1480 1451 1547 ἠνάγκασεν.

280 1568 442 1620 ἐλθὼν
472 1569 525 1619 δὲ
555 1571 703 1633 γαῖαν
730 1563 863 1630 τήνδ’
895 1566 1250 1632 ἐβουφόρβουν
1279 1564 1421 1634 ξένῳ,

282 1651 362 1703 καὶ
390 1650 523 1703 τόνδ’
554 1650 743 1720 ἔσῳζον
772 1649 909 1702 οἶκον
939 1651 990 1703 ἐς
1020 1649 1123 1701 τόδ’
1152 1649 1351 1716 ἡμέρας.

280 1737 424 1787 ὁσίου
452 1737 548 1802 γὰρ
577 1733 754 1800 ἀνδρὸς
783 1735 923 1787 ὅσιος
953 1732 1020 1785 ὢν
1053 1734 1328 1801 ἐτύγχανον
1774 1750 1825 1778 10

281 1819 454 1873 παιδὸς
485 1817 720 1885 Φέρητος,
754 1817 811 1869 ὃν
842 1821 1009 1870 θανεῖν
1039 1816 1337 1885 ἐρρυσάμην,

283 1904 476 1970 Μοίρας
507 1903 751 1955 δολώσας·
796 1900 986 1973 ᾔνεσαν
1017 1902 1071 1953 δέ
1099 1924 1184 1967 μοι
1215 1902 1323 1953 θεαὶ

276 1986 525 2052 ’Ἄδμητον
557 1985 678 2056 ᾅδην
708 1985 795 2037 τὸν
824 1985 1078 2052 παραυτίκ’
1112 1988 1364 2053 ἐκφυγεῖν,

283 2071 441 2124 ἄλλον
471 2068 810 2135 διαλλάξαντα
839 2074 942 2123 τοῖς
974 2069 1103 2121 κάτω
1136 2071 1324 2137 νεκρόν.

282 2154 469 2209 πάντας
500 2154 542 2207 δ’
575 2153 786 2221 ἐλέγξας
818 2155 895 2206 καὶ
927 2151 1193 2217 διεξελθὼν
1225 2155 1420 2220 φίλους,
1774 2169 1821 2209 15

281 2238 468 2306 πατέρα
497 2238 699 2306 γεραιάν
732 2238 774 2288 θ’
805 2237 837 2302 ἥ
868 2238 960 2305 σφ’
993 2238 1150 2290 ἔτικτε
1178 2237 1382 2304 μητέρα,

281 2324 376 2392 οὐχ
403 2324 521 2390 ηὗρε
550 2322 685 2387 πλὴν
713 2321 944 2389 γυναικὸς
973 2323 1113 2375 ὅστις
1141 2321 1292 2387 ἤθελε

284 2408 448 2460 θανὼν
478 2407 572 2474 πρὸ
605 2408 767 2459 κείνου
797 2405 967 2471 μηκέτ’
999 2409 1200 2473 εἰσορᾶν
1231 2405 1376 2473 φάος·

280 2490 311 2556 ἢ
341 2497 428 2544 νῦν
460 2491 563 2543 κατ’
593 2493 756 2544 οἴκους
785 2493 839 2542 ἐν
868 2495 1038 2558 χεροῖν
1067 2489 1376 2556 βαστάζεται

279 2580 688 2644 ψυχορραγοῦσα·
734 2579 851 2647 τῇδε
879 2573 975 2642 γάρ
1006 2573 1097 2641 σφ’
1130 2576 1183 2626 ἐν
1212 2573 1370 2642 ἡμέρᾳ
1773 2591 1824 2619 20

282 2663 449 2711 θανεῖν
479 2658 732 2725 πέπρωται
763 2660 842 2710 καὶ
871 2661 1178 2723 μεταστῆναι
1207 2659 1342 2723 βίου.

283 2743 381 2810 ἐγὼ
409 2741 478 2802 δέ,
511 2743 577 2808 μὴ
608 2741 804 2808 μίασμά
832 2742 883 2806 μ’
915 2743 969 2794 ἐν
1000 2743 1167 2807 δόμοις
1200 2743 1330 2813 κίχῃ,

209 2861 238 2899 8
265 2858 310 2900 δὲ
336 2858 477 2912 γαῖαν]
509 2860 544 2901 δ’
567 2861 607 2901 ἐς
637 2859 729 2900 αἶαν
757 2858 857 2897 citat
884 2858 1185 2909 Athenagoras
1215 2857 1356 2909 suppl.
1386 2870 1464 2908 pro
1495 2857 1655 2896 Christ.
1684 2870 1723 2907 p.
1749 2870 1824 2905 104

159 2915 211 2954 16
250 2913 412 2953 Versus
449 2918 710 2965 suspectus&
738 2913 883 2952 habuit
921 2917 953 2957 Σ
1103 2915 1185 2954 ’καὶ
1223 2912 1377 2964 πατέρα
1413 2911 1560 2964 γραῖάν
1598 2912 1632 2952 θ’
1673 2911 1826 2950 Nauck

146 2981 207 3018 »17
238 2969 353 3010 ὅστις
375 2968 538 3008 Reiske
559 2981 570 3006 ι
608 2967 698 3016 ἥτις
727 2967 849 3007 codd.
1092 2969 1143 3006 18
1171 2968 1300 3013 θανὼν
1319 2967 1482 3005 Reiske
1504 2980 1513 3005 :
1544 2969 1678 3007 θανεῖν
1698 2965 1822 3005 codd.

159 3023 269 3075 (μηδ’
291 3022 351 3063 ἔτ’
374 3023 540 3075 Haun.)

267 3103 371 3131 Eun.
394 3103 423 3131 1.
1635 3092 1660 3129 3
