2118 3366
711 107 1204 156 ΗΡΑΚΛΕΙΔΑΙ

250 241 404 295 πάλιν
432 240 698 308 μεθέστηκ’
729 239 866 292 αὖθις
897 241 948 293 ἐς
978 238 1285 308 τᾶμήχανον·

247 331 491 395 χρησμῶν
520 327 616 392 γὰρ
646 323 799 394 ᾠδούς
831 329 961 390 φησι
993 325 1254 388 σημαίνειν
1286 324 1385 382 ὅδε,

251 410 308 460 οὗ
337 414 517 476 ταῦρον
548 409 661 460 οὐδὲ
691 408 906 474 μόσχον,
942 407 1077 458 ἀλλὰ
1108 405 1354 472 παρθένον

252 492 447 560 σφάξαι
478 493 623 563 Κόρῃ
649 489 913 556 Δήμητρος
943 490 1051 554 ἥτις
1083 488 1301 557 εὐγενής,
1716 507 1799 547 490

251 579 294 627 εἰ
323 575 418 643 χρὴ
450 578 541 641 μὲν
573 575 718 640 ἡμᾶς,
752 573 847 642 χρὴ
879 576 933 625 δὲ
963 572 1098 638 τήνδ’
1132 573 1259 625 εἶναι
1291 575 1457 625 πόλιν.

249 659 383 710 ταῦτ’
416 659 501 711 οὖν
533 660 900 726 ἇμηχανοῢμεν·
949 658 1061 709 οὔτε
1090 659 1185 724 γὰρ
1214 656 1363 708 τέκνα

253 742 470 810 σφάξειν
501 741 571 794 ὅδ’
603 744 752 793 αὑτοῦ
784 748 945 808 φησιν
976 741 1076 792 οὔτ’
1108 740 1267 792 ἄλλου
1297 742 1445 793 τινός.

253 828 398 892 κάμοὶ
427 824 569 893 λέγει
597 828 689 891 μὲν
723 826 779 877 οὐ
811 830 1005 892 σαφῶς,
1038 824 1179 892 λέγει
1211 824 1265 876 δέ
1295 846 1413 883 πως,

253 912 294 962 εἰ
323 908 390 975 μή
422 931 471 961 τι
500 910 687 961 τούτων
719 907 1184 977 ἐξαμηχανήσομεν,
1718 922 1798 965 495

250 994 377 1059 ἡμᾶς
397 996 497 1060 ,μὲν
529 993 690 1057 ἄλλην
721 998 871 1060 γαῖαν
902 994 1148 1059 εὑρίσκειν
1178 989 1305 1049 τινά,

253 1077 398 1131 αὐτὸς
429 1080 483 1130 δὲ
516 1082 681 1138 σῶσαι
711 1075 859 1141 τήνδε
889 1077 1131 1142 βούλεται
1162 1075 1338 1144 χθόνα.

124 1165 232 1215 Μα.
256 1163 310 1213 ἐν
339 1165 464 1232 τῷδε
496 1162 786 1229 κᾶχόμεσθα
817 1163 1041 1224 σωθῆναι
1070 1161 1233 1229 λόγῳ,·

129 1250 196 1297 Io.
259 1247 313 1297 ἐν
344 1249 483 1315 τῷδε,
516 1244 681 1296 τᾶλλα
710 1244 758 1311 γ’
793 1244 1007 1312 εὐτυχῶς
1039 1244 1362 1310 πεπραγότες.

129 1333 232 1381 Μα.
254 1328 321 1396 μή
354 1351 441 1382 νυν
472 1327 654 1401 τρέσῃς
687 1328 756 1381 ἔτ’
791 1327 972 1396 ἐχθρὸν
1004 1328 1235 1395 Ἀργεῖον
1267 1328 1398 1393 δόρυ·
1720 1342 1803 1379 500

254 1414 353 1481 ἐγὼ
383 1416 478 1480 γὰρ
509 1412 629 1477 αὐτὴ
662 1413 779 1480 πρὶν
812 1416 1157 1477 κελευσθῆναι,
1190 1410 1355 1478 γέρον,

255 1499 491 1570 θνῄσκειν
522 1499 691 1563 ἑτοίμη
726 1497 804 1548 καὶ
835 1498 1178 1563 παρίστασθαι
1209 1502 1402 1567 σφαγῇ.

189 1607 192 1610 ·
253 1583 307 1634 τί
333 1580 566 1649 φήσομεν
595 1581 707 1649 γάρ,
745 1583 786 1633 εἰ
817 1581 965 1634 πόλις
995 1583 1085 1645 μὲν
1119 1579 1253 1645 ἀξιοῖ

257 1668 479 1719 κίνδυνον
510 1666 650 1732 ἡμῶν
680 1664 837 1717 οὕνεκ’
868 1667 1096 1731 αἴρεσθαι
1126 1663 1299 1731 μέγαν,

255 1751 393 1803 αὐτοὶ
425 1754 478 1803 δὲ
511 1749 864 1818 προστιθέντες
895 1748 1133 1800 ἄλλοισιν
1163 1749 1361 1805 πόνους,
1721 1760 1801 1799 505

254 1836 414 1903 παρόν
448 1841 554 1902 σφε
586 1840 765 1904 σῷσαι,
802 1831 1124 1901 φευξόμεσθα
1153 1832 1218 1898 μὴ
1252 1835 1443 1890 θανεῖν,·

256 1920 312 1971 οὐ
344 1919 464 1984 δῆτ’,
503 1920 616 1970 ε’πεί
642 1940 717 1969 τοι
749 1919 827 1969 καὶ
860 1916 1080 1984 γέλωτος
1112 1916 1239 1981 ἄξια,

258 2003 454 2056 στένειν
485 2005 577 2068 μὲν
612 2001 774 2056 ἱκέτας
804 2002 1050 2067 δαιμόνων
1083 1998 1400 2065 καθημένους,

257 2087 440 2155 πατρὸς
469 2087 511 2138 δ’
546 2088 735 2138 ἐκείνου
768 2086 958 2152 φύντας
989 2086 1044 2136 οὗ
1077 2085 1370 2152 πεφύκαμεν

259 2172 433 2226 κακοὺς
467 2172 692 2238 ὁρᾶσθαι·
741 2175 835 2222 ποῦ
864 2168 971 2221 τάδ’
1004 2172 1057 2221 ἐν
1087 2173 1328 2236 χρηστοῖς
1359 2165 1560 2233 πρέπει;
1719 2180 1800 2218 510

259 2256 482 2315 κάλλιον,
520 2255 671 2321 οἶμαι,
706 2253 957 2319 τῆσδ’-ἃ
986 2253 1053 2319 μὴ
1086 2254 1227 2320 τύχοι
1260 2250 1454 2304 ποτέ-

257 2342 450 2394 πόλεως
483 2340 722 2404 ἁλούσης,
756 2344 929 2406 χεῖρας
961 2340 1031 2391 εἷς
1062 2340 1254 2406 ἐχθρῶν
1286 2340 1477 2394 πεσεῖν,

256 2420 503 2477 Τκᾶπειτα
531 2418 681 2475 τινᾰψ
714 2422 899 2488 πατρὸς
932 2422 1087 2473 οὖσαν
1119 2421 1348 2488 εὐγενοῦς

186 2556 269 2593 490
299 2542 395 2597 κόρῃ
417 2542 631 2595 Δήμητρος
653 2541 834 2579 Pierson
855 2554 864 2578 :
897 2538 1081 2580 κελεύειν
1101 2540 1250 2591 μητρὸς
1274 2538 1307 2576 L
1323 2537 1356 2575 P
1487 2549 1563 2586 491
1596 2538 1703 2587 χρῆν
1726 2565 1734 2574 .
1758 2566 1766 2574 .
1792 2563 1800 2572 .

130 2600 237 2652 χρῆν
259 2597 338 2636 LP
357 2612 367 2637 ς
396 2610 502 2637 corr.
531 2597 754 2636 Hermann
979 2607 1061 2644 493
1094 2593 1263 2645 σφάξειν
1285 2592 1474 2640 Elmsley
1492 2605 1500 2629 ε
1533 2588 1701 2642 σφάζειν
1723 2590 1757 2628 L
1772 2589 1805 2628 P

131 2651 366 2704 494,λέ·γει
401 2652 460 2691 P:
502 2651 547 2692 δὲ
581 2650 699 2703 λέγει
734 2650 769 2688 L
984 2659 1063 2698 495
1104 2647 1311 2699 μηχάνημ’
1348 2646 1570 2700 εὑρήσομεν
1605 2644 1805 2692 Hartung

131 2708 212 2756 498
255 2705 494 2759 κᾶχόμεσθα
532 2705 752 2754 Elmsley:
797 2702 1057 2755 κεὺχόμεσθα
1094 2703 1175 2741 LP
1389 2714 1469 2750 499
1517 2701 1657 2740 τᾶλλα
1694 2699 1727 2739 δ’
1770 2698 1804 2737 Ρ

131 2773 210 2810 504
235 2763 428 2814 ἀἴρεσθαι
458 2760 672 2810 Elmsley:
715 2761 909 2812 αἱρεῖσθαι
941 2757 1024 2796 LP
1152 2771 1155 2776 ⁴
1235 2758 1316 2805 506
1356 2765 1436 2807 σφε
1467 2759 1596 2806 σῷσαι
1626 2753 1803 2792 Nauck:

132 2819 336 2856 σεσῶσθαι
358 2814 440 2853 LP
638 2826 714 2863 511
748 2816 770 2855 ἲ)
791 2814 847 2864 μὴ
870 2813 1058 2861 Lenting
1260 2823 1339 2860 513
1370 2812 1544 2851 κᾶπειτα
1562 2809 1655 2850 τινὰ
1674 2821 1803 2858 supra

129 2885 156 2910 τ
184 2869 475 2920 suprascripto
505 2873 548 2910 δε
581 2868 643 2921 (=
666 2869 792 2917 δεινὰ)
828 2867 890 2906 L:
932 2868 1105 2907 κᾶπειτα
1133 2867 1226 2906 τινὰ
1257 2871 1492 2904 correctum
1522 2864 1567 2901 in
1598 2864 1708 2904 δεινὰ
1737 2863 1799 2903 P:

131 2923 313 2963 sortasse
334 2924 376 2964 τί
396 2924 429 2965 δ’
452 2926 524 2965 οὐκ
545 2923 688 2964 ἔπειτα
706 2937 715 2962 :
754 2922 914 2963 κᾶπειτ’
934 2922 1056 2971 ἄτιμα.
1078 2920 1308 2959 Kirchhoff
