<?xml version="1.0" encoding="UTF-8"?>
<!DOCTYPE html PUBLIC "-//W3C//DTD XHTML 1.0 Transitional//EN"
    "http://www.w3.org/TR/xhtml1/DTD/xhtml1-transitional.dtd">
<html xmlns="http://www.w3.org/1999/xhtml" xml:lang="en" lang="en">
 <head>
  <title>
</title>
<meta http-equiv="Content-Type" content="text/html;charset=utf-8" />
  <meta name='ocr-system' content='tesseract 3.04.00' />
  <meta name='ocr-capabilities' content='ocr_page ocr_carea ocr_par ocr_line ocrx_word'/>
</head>
<body>
  <div class='ocr_page' id='page_1' title='image "./euripidistragoed01euriuoft_0096.png"; bbox 0 0 2118 3366; ppageno 0'>
   <div class='ocr_carea' id='block_1_1' title="bbox 875 120 1315 194">
    <p class='ocr_par' dir='ltr' id='par_1_1' title="bbox 875 120 1315 194">
     <span class='ocr_line' id='line_1_1' title="bbox 875 120 1315 194; baseline 0 -26"><span class='ocrx_word' id='word_1_1' title='bbox 875 120 1315 194; x_wconf 64' lang='grc' dir='ltr'>ΕΥΡΙΠΙΔΟΥ</span> 
     </span>
    </p>
   </div>
   <div class='ocr_carea' id='block_1_2' title="bbox 264 239 1934 2498">
    <p class='ocr_par' dir='ltr' id='par_1_2' title="bbox 264 239 1934 2498">
     <span class='ocr_line' id='line_1_2' title="bbox 266 239 1583 317; baseline -0.002 -15"><span class='ocrx_word' id='word_1_2' title='bbox 266 255 361 317; x_wconf 88' lang='grc' dir='ltr'>Ηρ.</span> <span class='ocrx_word' id='word_1_3' title='bbox 387 250 637 317; x_wconf 90' lang='grc' dir='ltr'>πρόσειπ’.</span> <span class='ocrx_word' id='word_1_4' title='bbox 725 249 858 317; x_wconf 82' lang='grc' dir='ltr'>ἔχεις</span> <span class='ocrx_word' id='word_1_5' title='bbox 888 250 985 316; x_wconf 80' lang='grc' dir='ltr'>γὰρ</span> <span class='ocrx_word' id='word_1_6' title='bbox 1014 252 1113 301; x_wconf 79' lang='grc' dir='ltr'>πᾶν</span> <span class='ocrx_word' id='word_1_7' title='bbox 1142 249 1362 316; x_wconf 87' lang='grc' dir='ltr'>ὅσονπερ</span> <span class='ocrx_word' id='word_1_8' title='bbox 1384 239 1583 313; x_wconf 82' lang='grc' dir='ltr'>ἤθελες.</span> 
     </span>
     <span class='ocr_line' id='line_1_3' title="bbox 264 324 1506 400; baseline 0 -15"><span class='ocrx_word' id='word_1_9' title='bbox 264 337 352 385; x_wconf 92' lang='grc' dir='ltr'>Αδ.</span> <span class='ocrx_word' id='word_1_10' title='bbox 385 330 423 384; x_wconf 72' lang='grc' dir='ltr'><em>ὦ</em></span> <span class='ocrx_word' id='word_1_11' title='bbox 454 332 699 400; x_wconf 81' lang='grc' dir='ltr'>φιλτάτης</span> <span class='ocrx_word' id='word_1_12' title='bbox 727 331 960 400; x_wconf 84' lang='grc' dir='ltr'>γυναικὸς</span> <span class='ocrx_word' id='word_1_13' title='bbox 991 333 1125 398; x_wconf 82' lang='grc' dir='ltr'>ὄμμα</span> <span class='ocrx_word' id='word_1_14' title='bbox 1154 331 1235 383; x_wconf 87' lang='grc' dir='ltr'>καὶ</span> <span class='ocrx_word' id='word_1_15' title='bbox 1264 330 1438 397; x_wconf 67' lang='grc' dir='ltr'>δέμας,Δ</span> <span class='ocrx_word' id='word_1_16' title='bbox 1502 324 1506 327; x_wconf 26' lang='lat'>⁵</span> 
     </span>
     <span class='ocr_line' id='line_1_4' title="bbox 388 414 1509 484; baseline -0.002 -16"><span class='ocrx_word' id='word_1_17' title='bbox 388 416 489 484; x_wconf 89' lang='grc' dir='ltr'>ἔχω</span> <span class='ocrx_word' id='word_1_18' title='bbox 520 415 571 467; x_wconf 92' lang='grc' dir='ltr'>σ’</span> <span class='ocrx_word' id='word_1_19' title='bbox 602 415 846 475; x_wconf 89' lang='grc' dir='ltr'>ἀέλπτως,</span> <span class='ocrx_word' id='word_1_20' title='bbox 881 414 1051 468; x_wconf 84' lang='grc' dir='ltr'>οὔποτ’</span> <span class='ocrx_word' id='word_1_21' title='bbox 1082 417 1304 482; x_wconf 86' lang='grc' dir='ltr'>ὄψεσθαι</span> <span class='ocrx_word' id='word_1_22' title='bbox 1334 418 1509 467; x_wconf 84' lang='grc' dir='ltr'>δοκῶν.</span> 
     </span>
     <span class='ocr_line' id='line_1_5' title="bbox 269 498 1925 567; baseline -0.002 -16"><span class='ocrx_word' id='word_1_23' title='bbox 269 504 363 564; x_wconf 83' lang='grc' dir='ltr'>Ηρ.</span> <span class='ocrx_word' id='word_1_24' title='bbox 395 499 545 567; x_wconf 84' lang='grc' dir='ltr'>ἔχεις·</span> <span class='ocrx_word' id='word_1_25' title='bbox 578 500 780 567; x_wconf 86' lang='grc' dir='ltr'>φθόνος</span> <span class='ocrx_word' id='word_1_26' title='bbox 809 501 863 551; x_wconf 83' lang='grc' dir='ltr'>δὲ</span> <span class='ocrx_word' id='word_1_27' title='bbox 892 498 958 565; x_wconf 78' lang='grc' dir='ltr'>μὴ</span> <span class='ocrx_word' id='word_1_28' title='bbox 990 498 1184 566; x_wconf 86' lang='grc' dir='ltr'>γένοιτό</span> <span class='ocrx_word' id='word_1_29' title='bbox 1212 519 1289 553; x_wconf 89' lang='grc' dir='ltr'>τις</span> <span class='ocrx_word' id='word_1_30' title='bbox 1319 500 1461 550; x_wconf 83' lang='grc' dir='ltr'>θεῶν.</span> <span class='ocrx_word' id='word_1_31' title='bbox 1821 513 1925 555; x_wconf 74' lang='lat'>12135</span> 
     </span>
     <span class='ocr_line' id='line_1_6' title="bbox 271 573 1675 650; baseline -0.001 -16"><span class='ocrx_word' id='word_1_32' title='bbox 271 587 354 635; x_wconf 91' lang='grc' dir='ltr'>Αδ.</span> <span class='ocrx_word' id='word_1_33' title='bbox 387 581 425 634; x_wconf 75' lang='grc' dir='ltr'><em>ὦ</em></span> <span class='ocrx_word' id='word_1_34' title='bbox 454 587 541 634; x_wconf 83' lang='grc' dir='ltr'>τοῦ</span> <span class='ocrx_word' id='word_1_35' title='bbox 568 583 809 650; x_wconf 84' lang='grc' dir='ltr'>μεγίστου</span> <span class='ocrx_word' id='word_1_36' title='bbox 841 582 1001 647; x_wconf 83' lang='grc' dir='ltr'>Ζηνὸς</span> <span class='ocrx_word' id='word_1_37' title='bbox 1031 581 1227 649; x_wconf 78' lang='grc' dir='ltr'>εὐγενὲς</span> <span class='ocrx_word' id='word_1_38' title='bbox 1256 579 1447 642; x_wconf 87' lang='grc' dir='ltr'>τέκνον,</span> <span class='ocrx_word' id='word_1_39' title='bbox 1586 597 1589 600; x_wconf 79' lang='grc'><strong>’</strong></span> <span class='ocrx_word' id='word_1_40' title='bbox 1673 573 1675 578; x_wconf 50' lang='grc'><strong>’</strong></span> 
     </span>
     <span class='ocr_line' id='line_1_7' title="bbox 391 665 1438 734; baseline -0.004 -15"><span class='ocrx_word' id='word_1_41' title='bbox 391 666 745 732; x_wconf 63' lang='grc' dir='ltr'>εὐδαιμονοίης,</span> <span class='ocrx_word' id='word_1_42' title='bbox 779 667 865 718; x_wconf 90' lang='grc' dir='ltr'>καί</span> <span class='ocrx_word' id='word_1_43' title='bbox 892 665 940 716; x_wconf 90' lang='grc' dir='ltr'>σ’</span> <span class='ocrx_word' id='word_1_44' title='bbox 972 667 998 716; x_wconf 87' lang='grc' dir='ltr'>ὁ</span> <span class='ocrx_word' id='word_1_45' title='bbox 1030 665 1246 734; x_wconf 76' lang='grc' dir='ltr'>φιτ-ὕσας</span> <span class='ocrx_word' id='word_1_46' title='bbox 1275 665 1438 732; x_wconf 82' lang='grc' dir='ltr'>πατὴρ</span> 
     </span>
     <span class='ocr_line' id='line_1_8' title="bbox 391 747 1552 820; baseline 0.001 -20"><span class='ocrx_word' id='word_1_47' title='bbox 391 747 555 820; x_wconf 79' lang='grc' dir='ltr'>σῴζοι·</span> <span class='ocrx_word' id='word_1_48' title='bbox 602 750 666 802; x_wconf 82' lang='grc' dir='ltr'>σὺ</span> <span class='ocrx_word' id='word_1_49' title='bbox 695 752 790 818; x_wconf 77' lang='grc' dir='ltr'>γὰρ</span> <span class='ocrx_word' id='word_1_50' title='bbox 821 749 878 814; x_wconf 80' lang='grc' dir='ltr'>δὴ</span> <span class='ocrx_word' id='word_1_51' title='bbox 911 749 1023 815; x_wconf 84' lang='grc' dir='ltr'>τᾶμ’</span> <span class='ocrx_word' id='word_1_52' title='bbox 1054 750 1356 816; x_wconf 83' lang='grc' dir='ltr'>ἀνώρθωσας</span> <span class='ocrx_word' id='word_1_53' title='bbox 1385 749 1552 814; x_wconf 91' lang='grc' dir='ltr'>μόνος.</span> 
     </span>
     <span class='ocr_line' id='line_1_9' title="bbox 390 832 1542 901; baseline -0.001 -16"><span class='ocrx_word' id='word_1_54' title='bbox 390 839 493 888; x_wconf 80' lang='grc' dir='ltr'>πῶς</span> <span class='ocrx_word' id='word_1_55' title='bbox 523 833 661 900; x_wconf 87' lang='grc' dir='ltr'>τήνδ’</span> <span class='ocrx_word' id='word_1_56' title='bbox 695 835 929 901; x_wconf 77' lang='grc' dir='ltr'>ἔπεμψας</span> <span class='ocrx_word' id='word_1_57' title='bbox 958 833 1131 900; x_wconf 82' lang='grc' dir='ltr'>νέρθεν</span> <span class='ocrx_word' id='word_1_58' title='bbox 1162 835 1213 887; x_wconf 77' lang='grc' dir='ltr'>ἐς</span> <span class='ocrx_word' id='word_1_59' title='bbox 1245 832 1374 901; x_wconf 85' lang='grc' dir='ltr'>φάος</span> <span class='ocrx_word' id='word_1_60' title='bbox 1404 833 1542 894; x_wconf 89' lang='grc' dir='ltr'>τόδε,·</span> 
     </span>
     <span class='ocr_line' id='line_1_10' title="bbox 268 916 1931 987; baseline 0 -19"><span class='ocrx_word' id='word_1_61' title='bbox 268 921 362 985; x_wconf 84' lang='grc' dir='ltr'>Ηρ.</span> <span class='ocrx_word' id='word_1_62' title='bbox 391 916 559 986; x_wconf 83' lang='grc' dir='ltr'>μάχην</span> <span class='ocrx_word' id='word_1_63' title='bbox 590 917 824 985; x_wconf 79' lang='grc' dir='ltr'>συνάψας</span> <span class='ocrx_word' id='word_1_64' title='bbox 855 918 1103 984; x_wconf 89' lang='grc' dir='ltr'>δαιμόνων</span> <span class='ocrx_word' id='word_1_65' title='bbox 1132 922 1200 987; x_wconf 77' lang='grc' dir='ltr'>τῷ</span> <span class='ocrx_word' id='word_1_66' title='bbox 1231 917 1394 987; x_wconf 84' lang='grc' dir='ltr'>κυρίῳ.</span> <span class='ocrx_word' id='word_1_67' title='bbox 1822 932 1931 974; x_wconf 89' lang='lat'>1140</span> 
     </span>
     <span class='ocr_line' id='line_1_11' title="bbox 266 1001 1572 1074; baseline 0 -22"><span class='ocrx_word' id='word_1_68' title='bbox 266 1005 354 1053; x_wconf 89' lang='grc' dir='ltr'>Αδ.</span> <span class='ocrx_word' id='word_1_69' title='bbox 387 1006 481 1054; x_wconf 82' lang='grc' dir='ltr'>ποῦ</span> <span class='ocrx_word' id='word_1_70' title='bbox 510 1003 653 1054; x_wconf 88' lang='grc' dir='ltr'>τόνδε</span> <span class='ocrx_word' id='word_1_71' title='bbox 684 1001 900 1071; x_wconf 83' lang='grc' dir='ltr'>Θανάτῳ</span> <span class='ocrx_word' id='word_1_72' title='bbox 934 1002 1035 1074; x_wconf 82' lang='grc' dir='ltr'>φῂς</span> <span class='ocrx_word' id='word_1_73' title='bbox 1064 1002 1233 1068; x_wconf 83' lang='grc' dir='ltr'>ἀγῶνα</span> <span class='ocrx_word' id='word_1_74' title='bbox 1262 1004 1572 1067; x_wconf 84' lang='grc' dir='ltr'>συμβαλεῖν,·</span> 
     </span>
     <span class='ocr_line' id='line_1_12' title="bbox 269 1083 1632 1154; baseline -0.001 -18"><span class='ocrx_word' id='word_1_75' title='bbox 269 1085 582 1152; x_wconf 44' lang='grc' dir='ltr'>Ηρ.’τύ’μβον</span> <span class='ocrx_word' id='word_1_76' title='bbox 612 1085 726 1152; x_wconf 91' lang='grc' dir='ltr'>παρ’</span> <span class='ocrx_word' id='word_1_77' title='bbox 758 1084 907 1138; x_wconf 87' lang='grc' dir='ltr'>αὐτὸν</span> <span class='ocrx_word' id='word_1_78' title='bbox 941 1088 993 1137; x_wconf 81' lang='grc' dir='ltr'>ἐκ</span> <span class='ocrx_word' id='word_1_79' title='bbox 1023 1086 1182 1154; x_wconf 85' lang='grc' dir='ltr'>λόχου</span> <span class='ocrx_word' id='word_1_80' title='bbox 1211 1083 1417 1152; x_wconf 82' lang='grc' dir='ltr'>μάρψας</span> <span class='ocrx_word' id='word_1_81' title='bbox 1446 1088 1632 1153; x_wconf 85' lang='grc' dir='ltr'>χεροῖν.</span> 
     </span>
     <span class='ocr_line' id='line_1_13' title="bbox 267 1166 1467 1236; baseline 0.001 -17"><span class='ocrx_word' id='word_1_82' title='bbox 267 1173 355 1220; x_wconf 88' lang='grc' dir='ltr'>Αδ.</span> <span class='ocrx_word' id='word_1_83' title='bbox 388 1170 440 1221; x_wconf 89' lang='grc' dir='ltr'>τί</span> <span class='ocrx_word' id='word_1_84' title='bbox 465 1168 559 1236; x_wconf 83' lang='grc' dir='ltr'>γάρ</span> <span class='ocrx_word' id='word_1_85' title='bbox 589 1169 701 1222; x_wconf 87' lang='grc' dir='ltr'>ποθ’</span> <span class='ocrx_word' id='word_1_86' title='bbox 732 1169 807 1234; x_wconf 89' lang='grc' dir='ltr'>ἥδ’</span> <span class='ocrx_word' id='word_1_87' title='bbox 840 1169 1050 1223; x_wconf 84' lang='grc' dir='ltr'>ἄναυδος</span> <span class='ocrx_word' id='word_1_88' title='bbox 1081 1170 1290 1234; x_wconf 82' lang='grc' dir='ltr'>ἔστηκεν</span> <span class='ocrx_word' id='word_1_89' title='bbox 1320 1166 1467 1235; x_wconf 85' lang='grc' dir='ltr'>γυνή,·</span> 
     </span>
     <span class='ocr_line' id='line_1_14' title="bbox 270 1251 1473 1321; baseline 0 -18"><span class='ocrx_word' id='word_1_90' title='bbox 270 1256 363 1319; x_wconf 87' lang='grc' dir='ltr'>Ηρ.</span> <span class='ocrx_word' id='word_1_91' title='bbox 391 1253 525 1305; x_wconf 82' lang='grc' dir='ltr'>οὔπω</span> <span class='ocrx_word' id='word_1_92' title='bbox 557 1252 695 1319; x_wconf 83' lang='grc' dir='ltr'>θέμις</span> <span class='ocrx_word' id='word_1_93' title='bbox 725 1275 808 1305; x_wconf 91' lang='grc' dir='ltr'>σοι</span> <span class='ocrx_word' id='word_1_94' title='bbox 839 1256 996 1317; x_wconf 85' lang='grc' dir='ltr'>τῆσδε</span> <span class='ocrx_word' id='word_1_95' title='bbox 1024 1251 1473 1321; x_wconf 88' lang='grc' dir='ltr'>προσφωνημάτων</span> 
     </span>
     <span class='ocr_line' id='line_1_15' title="bbox 395 1335 1930 1404; baseline 0.002 -16"><span class='ocrx_word' id='word_1_96' title='bbox 395 1338 577 1397; x_wconf 85' lang='grc' dir='ltr'>κλύειν,</span> <span class='ocrx_word' id='word_1_97' title='bbox 611 1337 726 1404; x_wconf 86' lang='grc' dir='ltr'>πρὶν</span> <span class='ocrx_word' id='word_1_98' title='bbox 757 1337 818 1390; x_wconf 83' lang='grc' dir='ltr'>ἂν</span> <span class='ocrx_word' id='word_1_99' title='bbox 852 1341 1014 1389; x_wconf 91' lang='grc' dir='ltr'>θεοῖσι</span> <span class='ocrx_word' id='word_1_100' title='bbox 1043 1342 1178 1389; x_wconf 90' lang='grc' dir='ltr'>τοῖσι</span> <span class='ocrx_word' id='word_1_101' title='bbox 1207 1335 1453 1403; x_wconf 85' lang='grc' dir='ltr'>νερτέροις</span> <span class='ocrx_word' id='word_1_102' title='bbox 1822 1350 1930 1391; x_wconf 84' lang='grc'>1145</span> 
     </span>
     <span class='ocr_line' id='line_1_16' title="bbox 394 1420 1383 1492; baseline 0 -20"><span class='ocrx_word' id='word_1_103' title='bbox 394 1422 739 1488; x_wconf 84' lang='grc' dir='ltr'>ἀφαγνίσηται</span> <span class='ocrx_word' id='word_1_104' title='bbox 772 1423 850 1474; x_wconf 89' lang='grc' dir='ltr'>καὶ</span> <span class='ocrx_word' id='word_1_105' title='bbox 882 1422 1049 1488; x_wconf 89' lang='grc' dir='ltr'>τρίτον</span> <span class='ocrx_word' id='word_1_106' title='bbox 1078 1421 1209 1492; x_wconf 88' lang='grc' dir='ltr'>μόλῃ</span> <span class='ocrx_word' id='word_1_107' title='bbox 1241 1420 1383 1488; x_wconf 91' lang='grc' dir='ltr'>φάος.</span> 
     </span>
     <span class='ocr_line' id='line_1_17' title="bbox 394 1502 1500 1572; baseline 0 -16"><span class='ocrx_word' id='word_1_108' title='bbox 394 1504 511 1556; x_wconf 85' lang='grc' dir='ltr'>ἀλλ’</span> <span class='ocrx_word' id='word_1_109' title='bbox 543 1505 707 1572; x_wconf 83' lang='grc' dir='ltr'>εἴσαγ’</span> <span class='ocrx_word' id='word_1_110' title='bbox 741 1507 864 1557; x_wconf 86' lang='grc' dir='ltr'>εἵσω</span> <span class='ocrx_word' id='word_1_111' title='bbox 896 1503 1059 1569; x_wconf 88' lang='grc' dir='ltr'>τήνδε·</span> <span class='ocrx_word' id='word_1_112' title='bbox 1108 1505 1188 1556; x_wconf 88' lang='grc' dir='ltr'>καὶ</span> <span class='ocrx_word' id='word_1_113' title='bbox 1218 1507 1403 1558; x_wconf 91' lang='grc' dir='ltr'>δίκαιος</span> <span class='ocrx_word' id='word_1_114' title='bbox 1432 1502 1500 1556; x_wconf 83' lang='grc' dir='ltr'>ὢν</span> 
     </span>
     <span class='ocr_line' id='line_1_18' title="bbox 394 1587 1530 1656; baseline 0 -17"><span class='ocrx_word' id='word_1_115' title='bbox 394 1588 449 1639; x_wconf 84' lang='grc' dir='ltr'>τὸ</span> <span class='ocrx_word' id='word_1_116' title='bbox 479 1590 675 1649; x_wconf 89' lang='grc' dir='ltr'>λοιπόν,</span> <span class='ocrx_word' id='word_1_117' title='bbox 701 1588 932 1655; x_wconf 82' lang='grc' dir='ltr'>”Αδμητ’,</span> <span class='ocrx_word' id='word_1_118' title='bbox 968 1588 1174 1654; x_wconf 84' lang='grc' dir='ltr'>εὐσέβει</span> <span class='ocrx_word' id='word_1_119' title='bbox 1202 1589 1314 1656; x_wconf 90' lang='grc' dir='ltr'>περὶ</span> <span class='ocrx_word' id='word_1_120' title='bbox 1346 1587 1530 1652; x_wconf 81' lang='grc' dir='ltr'>ξένους.</span> 
     </span>
     <span class='ocr_line' id='line_1_19' title="bbox 396 1672 1543 1741; baseline -0.002 -17"><span class='ocrx_word' id='word_1_121' title='bbox 396 1674 475 1725; x_wconf 86' lang='grc' dir='ltr'>καὶ</span> <span class='ocrx_word' id='word_1_122' title='bbox 505 1673 656 1741; x_wconf 83' lang='grc' dir='ltr'>χαῖρ’·</span> <span class='ocrx_word' id='word_1_123' title='bbox 703 1674 801 1740; x_wconf 83' lang='grc' dir='ltr'>ἐγὼ</span> <span class='ocrx_word' id='word_1_124' title='bbox 833 1675 886 1725; x_wconf 83' lang='grc' dir='ltr'>δὲ</span> <span class='ocrx_word' id='word_1_125' title='bbox 917 1672 1003 1725; x_wconf 86' lang='grc' dir='ltr'>τὸν</span> <span class='ocrx_word' id='word_1_126' title='bbox 1034 1674 1358 1741; x_wconf 89' lang='grc' dir='ltr'>προκείμενον</span> <span class='ocrx_word' id='word_1_127' title='bbox 1387 1673 1543 1724; x_wconf 89' lang='grc' dir='ltr'>πόνον</span> 
     </span>
     <span class='ocr_line' id='line_1_20' title="bbox 394 1756 1934 1827; baseline 0.003 -20"><span class='ocrx_word' id='word_1_128' title='bbox 394 1756 643 1810; x_wconf 88' lang='grc' dir='ltr'>Σθενέλου</span> <span class='ocrx_word' id='word_1_129' title='bbox 672 1756 892 1827; x_wconf 81' lang='grc' dir='ltr'>τυράννῳ</span> <span class='ocrx_word' id='word_1_130' title='bbox 925 1758 1064 1809; x_wconf 85' lang='grc' dir='ltr'>παιδὶ</span> <span class='ocrx_word' id='word_1_131' title='bbox 1094 1760 1325 1825; x_wconf 86' lang='grc' dir='ltr'>πορσυνῶ</span> <span class='ocrx_word' id='word_1_132' title='bbox 1359 1756 1545 1822; x_wconf 88' lang='grc' dir='ltr'>μολών.</span> <span class='ocrx_word' id='word_1_133' title='bbox 1826 1769 1934 1811; x_wconf 90' lang='lat'><strong>1150</strong></span> 
     </span>
     <span class='ocr_line' id='line_1_21' title="bbox 273 1840 1440 1908; baseline -0.001 -16"><span class='ocrx_word' id='word_1_134' title='bbox 273 1845 359 1892; x_wconf 82' lang='grc' dir='ltr'>Αδ.</span> <span class='ocrx_word' id='word_1_135' title='bbox 391 1845 560 1906; x_wconf 85' lang='grc' dir='ltr'>μεῖνον</span> <span class='ocrx_word' id='word_1_136' title='bbox 590 1841 703 1908; x_wconf 91' lang='grc' dir='ltr'>παρ’</span> <span class='ocrx_word' id='word_1_137' title='bbox 734 1842 851 1907; x_wconf 88' lang='grc' dir='ltr'>ἡμῖν</span> <span class='ocrx_word' id='word_1_138' title='bbox 885 1842 963 1893; x_wconf 86' lang='grc' dir='ltr'>καὶ</span> <span class='ocrx_word' id='word_1_139' title='bbox 993 1840 1250 1906; x_wconf 81' lang='grc' dir='ltr'>ξυνέστιος</span> <span class='ocrx_word' id='word_1_140' title='bbox 1278 1844 1440 1908; x_wconf 78' lang='grc' dir='ltr'>γενοῦ.</span> 
     </span>
     <span class='ocr_line' id='line_1_22' title="bbox 273 1925 1584 1992; baseline 0 -17"><span class='ocrx_word' id='word_1_141' title='bbox 273 1929 368 1991; x_wconf 83' lang='grc' dir='ltr'>Ηρ.</span> <span class='ocrx_word' id='word_1_142' title='bbox 395 1925 533 1978; x_wconf 82' lang='grc' dir='ltr'>αὖθις</span> <span class='ocrx_word' id='word_1_143' title='bbox 562 1925 663 1977; x_wconf 88' lang='grc' dir='ltr'>τόδ’</span> <span class='ocrx_word' id='word_1_144' title='bbox 695 1925 853 1985; x_wconf 87' lang='grc' dir='ltr'>ἔσται,</span> <span class='ocrx_word' id='word_1_145' title='bbox 888 1929 976 1978; x_wconf 84' lang='grc' dir='ltr'>νῦν</span> <span class='ocrx_word' id='word_1_146' title='bbox 1008 1925 1049 1976; x_wconf 92' lang='grc' dir='ltr'>δ’</span> <span class='ocrx_word' id='word_1_147' title='bbox 1083 1925 1376 1992; x_wconf 78' lang='grc' dir='ltr'>ἐπείγεσθαί</span> <span class='ocrx_word' id='word_1_148' title='bbox 1401 1946 1463 1990; x_wconf 95' lang='grc' dir='ltr'>με</span> <span class='ocrx_word' id='word_1_149' title='bbox 1494 1927 1584 1975; x_wconf 89' lang='grc' dir='ltr'>δεῖ.</span> 
     </span>
     <span class='ocr_line' id='line_1_23' title="bbox 272 2000 1625 2078; baseline -0.001 -18"><span class='ocrx_word' id='word_1_150' title='bbox 272 2013 359 2060; x_wconf 89' lang='grc' dir='ltr'>Αδ.</span> <span class='ocrx_word' id='word_1_151' title='bbox 391 2008 507 2060; x_wconf 87' lang='grc' dir='ltr'>ἀλλ’</span> <span class='ocrx_word' id='word_1_152' title='bbox 540 2009 814 2078; x_wconf 85' lang='grc' dir='ltr'>εὐτυχοίης,</span> <span class='ocrx_word' id='word_1_153' title='bbox 848 2010 1087 2075; x_wconf 89' lang='grc' dir='ltr'>νόστιμον</span> <span class='ocrx_word' id='word_1_154' title='bbox 1118 2008 1161 2060; x_wconf 87' lang='grc' dir='ltr'>δ’</span> <span class='ocrx_word' id='word_1_155' title='bbox 1193 2010 1358 2061; x_wconf 85' lang='grc' dir='ltr'>ἔλθοις</span> <span class='ocrx_word' id='word_1_156' title='bbox 1388 2000 1625 2073; x_wconf 56' lang='grc' dir='ltr'>ΤδόμονίΫ</span> 
     </span>
     <span class='ocr_line' id='line_1_24' title="bbox 396 2092 1430 2165; baseline 0 -21"><span class='ocrx_word' id='word_1_157' title='bbox 396 2093 569 2147; x_wconf 82' lang='grc' dir='ltr'>ἀστοῖς</span> <span class='ocrx_word' id='word_1_158' title='bbox 599 2096 653 2145; x_wconf 80' lang='grc' dir='ltr'>δὲ</span> <span class='ocrx_word' id='word_1_159' title='bbox 681 2092 821 2165; x_wconf 90' lang='grc' dir='ltr'>πάσῃ</span> <span class='ocrx_word' id='word_1_160' title='bbox 852 2093 895 2145; x_wconf 87' lang='grc' dir='ltr'>τ’</span> <span class='ocrx_word' id='word_1_161' title='bbox 929 2093 1117 2146; x_wconf 80' lang='grc' dir='ltr'>ἐννέπω</span> <span class='ocrx_word' id='word_1_162' title='bbox 1147 2094 1430 2162; x_wconf 74' lang='grc' dir='ltr'>τετραρχία,</span> 
     </span>
     <span class='ocr_line' id='line_1_25' title="bbox 395 2175 1932 2245; baseline 0.003 -18"><span class='ocrx_word' id='word_1_163' title='bbox 395 2177 576 2245; x_wconf 84' lang='grc' dir='ltr'>χοροὺς</span> <span class='ocrx_word' id='word_1_164' title='bbox 607 2176 684 2229; x_wconf 82' lang='grc' dir='ltr'>ἐπ’</span> <span class='ocrx_word' id='word_1_165' title='bbox 717 2179 925 2231; x_wconf 85' lang='grc' dir='ltr'>ἐσθλαῖς</span> <span class='ocrx_word' id='word_1_166' title='bbox 957 2181 1300 2245; x_wconf 87' lang='grc' dir='ltr'>συμφοραῖσιν</span> <span class='ocrx_word' id='word_1_167' title='bbox 1331 2175 1529 2229; x_wconf 83' lang='grc' dir='ltr'>ἱστάναι</span> <span class='ocrx_word' id='word_1_168' title='bbox 1829 2190 1932 2231; x_wconf 85' lang='grc'>1155</span> 
     </span>
     <span class='ocr_line' id='line_1_26' title="bbox 396 2261 1598 2329; baseline 0 -17"><span class='ocrx_word' id='word_1_169' title='bbox 396 2261 600 2327; x_wconf 86' lang='grc' dir='ltr'>βωμούς</span> <span class='ocrx_word' id='word_1_170' title='bbox 628 2282 683 2314; x_wconf 90' lang='grc' dir='ltr'>τε</span> <span class='ocrx_word' id='word_1_171' title='bbox 714 2265 892 2314; x_wconf 82' lang='grc' dir='ltr'>κνισᾶν</span> <span class='ocrx_word' id='word_1_172' title='bbox 922 2261 1216 2327; x_wconf 85' lang='grc' dir='ltr'>βουθύτοισι</span> <span class='ocrx_word' id='word_1_173' title='bbox 1244 2264 1598 2329; x_wconf 91' lang='grc' dir='ltr'>προστροπαῖς.</span> 
     </span>
     <span class='ocr_line' id='line_1_27' title="bbox 398 2345 1432 2413; baseline 0.002 -17"><span class='ocrx_word' id='word_1_174' title='bbox 398 2349 484 2396; x_wconf 86' lang='grc' dir='ltr'>νῦν</span> <span class='ocrx_word' id='word_1_175' title='bbox 514 2347 610 2413; x_wconf 78' lang='grc' dir='ltr'>γὰρ</span> <span class='ocrx_word' id='word_1_176' title='bbox 638 2346 1066 2413; x_wconf 91' lang='grc' dir='ltr'>μεθηρμόσμεσθα</span> <span class='ocrx_word' id='word_1_177' title='bbox 1093 2347 1284 2411; x_wconf 87' lang='grc' dir='ltr'>βελτίω</span> <span class='ocrx_word' id='word_1_178' title='bbox 1315 2345 1432 2411; x_wconf 85' lang='grc' dir='ltr'>βίον</span> 
     </span>
     <span class='ocr_line' id='line_1_28' title="bbox 399 2427 1555 2498; baseline 0 -18"><span class='ocrx_word' id='word_1_179' title='bbox 399 2433 486 2480; x_wconf 83' lang='grc' dir='ltr'>τοῦ</span> <span class='ocrx_word' id='word_1_180' title='bbox 515 2430 751 2496; x_wconf 86' lang='grc' dir='ltr'>πρόσθεν·</span> <span class='ocrx_word' id='word_1_181' title='bbox 798 2429 855 2482; x_wconf 88' lang='grc' dir='ltr'>οὐ</span> <span class='ocrx_word' id='word_1_182' title='bbox 884 2431 979 2497; x_wconf 79' lang='grc' dir='ltr'>γὰρ</span> <span class='ocrx_word' id='word_1_183' title='bbox 1011 2430 1233 2498; x_wconf 82' lang='grc' dir='ltr'>εὐτυχῶν</span> <span class='ocrx_word' id='word_1_184' title='bbox 1262 2427 1555 2497; x_wconf 89' lang='grc' dir='ltr'>ἀρνήσομαι.</span> 
     </span>
    </p>
   </div>
   <div class='ocr_carea' id='block_1_3' title="bbox 262 2544 1941 2828">
    <p class='ocr_par' dir='ltr' id='par_1_3' title="bbox 262 2544 1941 2828">
     <span class='ocr_line' id='line_1_29' title="bbox 324 2544 1938 2603; baseline 0.007 -15"><span class='ocrx_word' id='word_1_185' title='bbox 324 2559 427 2597; x_wconf 89' lang='lat'>1132</span> <span class='ocrx_word' id='word_1_186' title='bbox 458 2547 573 2590; x_wconf 78' lang='grc' dir='ltr'>πάνθ’</span> <span class='ocrx_word' id='word_1_187' title='bbox 594 2549 748 2603; x_wconf 82' lang='grc' dir='ltr'>ὅσαπερ</span> <span class='ocrx_word' id='word_1_188' title='bbox 770 2548 803 2588; x_wconf 90' lang='lat' dir='ltr'><strong>L</strong></span> <span class='ocrx_word' id='word_1_189' title='bbox 819 2549 853 2588; x_wconf 94' lang='lat' dir='ltr'><strong>P</strong></span> <span class='ocrx_word' id='word_1_190' title='bbox 1031 2561 1136 2600; x_wconf 86' lang='lat'>1134</span> <span class='ocrx_word' id='word_1_191' title='bbox 1167 2548 1303 2591; x_wconf 80' lang='grc' dir='ltr'>οὔποθ’</span> <span class='ocrx_word' id='word_1_192' title='bbox 1322 2548 1363 2590; x_wconf 89' lang='lat' dir='ltr'>V</span> <span class='ocrx_word' id='word_1_193' title='bbox 1541 2558 1645 2598; x_wconf 88' lang='lat'>1137</span> <span class='ocrx_word' id='word_1_194' title='bbox 1674 2545 1849 2599; x_wconf 64' lang='grc' dir='ltr'>4«”’“”ύσάς</span> <span class='ocrx_word' id='word_1_195' title='bbox 1869 2544 1909 2584; x_wconf 81' lang='lat' dir='ltr'>V</span> <span class='ocrx_word' id='word_1_196' title='bbox 1928 2560 1938 2584; x_wconf 72' lang='lat'><em>³</em></span> 
     </span>
     <span class='ocr_line' id='line_1_30' title="bbox 267 2599 1941 2662; baseline 0 -20"><span class='ocrx_word' id='word_1_197' title='bbox 267 2602 471 2654; x_wconf 83' lang='grc' dir='ltr'>φυτεύσας</span> <span class='ocrx_word' id='word_1_198' title='bbox 493 2603 526 2641; x_wconf 92' lang='lat' dir='ltr'>L</span> <span class='ocrx_word' id='word_1_199' title='bbox 543 2602 576 2642; x_wconf 91' lang='lat' dir='ltr'>P</span> <span class='ocrx_word' id='word_1_200' title='bbox 590 2604 623 2643; x_wconf 89' lang='lat' dir='ltr'>B</span> <span class='ocrx_word' id='word_1_201' title='bbox 793 2605 897 2653; x_wconf 88' lang='lat'>1138</span> <span class='ocrx_word' id='word_1_202' title='bbox 927 2604 978 2646; x_wconf 89' lang='grc' dir='ltr'>σὺ</span> <span class='ocrx_word' id='word_1_203' title='bbox 997 2606 1076 2658; x_wconf 74' lang='grc' dir='ltr'>γὰρ</span> <span class='ocrx_word' id='word_1_204' title='bbox 1095 2605 1188 2654; x_wconf 74' lang='grc' dir='ltr'>τᾶμ’</span> <span class='ocrx_word' id='word_1_205' title='bbox 1212 2607 1397 2655; x_wconf 85' lang='grc' dir='ltr'>ὤρθωσας</span> <span class='ocrx_word' id='word_1_206' title='bbox 1420 2601 1453 2641; x_wconf 89' lang='lat' dir='ltr'><strong>L</strong></span> <span class='ocrx_word' id='word_1_207' title='bbox 1470 2600 1505 2641; x_wconf 90' lang='lat' dir='ltr'>P</span> <span class='ocrx_word' id='word_1_208' title='bbox 1526 2602 1623 2656; x_wconf 74' lang='grc' dir='ltr'>(γὰρ</span> <span class='ocrx_word' id='word_1_209' title='bbox 1643 2602 1693 2651; x_wconf 79' lang='grc' dir='ltr'>δὴ</span> <span class='ocrx_word' id='word_1_210' title='bbox 1713 2599 1820 2649; x_wconf 82' lang='grc' dir='ltr'>τάμά</span> <span class='ocrx_word' id='word_1_211' title='bbox 1839 2600 1880 2652; x_wconf 76' lang='grc' dir='ltr'>’γ’</span> <span class='ocrx_word' id='word_1_212' title='bbox 1901 2600 1941 2662; x_wconf 46' lang='grc' dir='ltr'>Ι).</span> 
     </span>
     <span class='ocr_line' id='line_1_31' title="bbox 270 2656 1936 2713; baseline -0.002 -17"><span class='ocrx_word' id='word_1_213' title='bbox 270 2667 372 2705; x_wconf 89' lang='lat'>1140</span> <span class='ocrx_word' id='word_1_214' title='bbox 402 2656 601 2707; x_wconf 83' lang='grc' dir='ltr'>δαιμόνων</span> <span class='ocrx_word' id='word_1_215' title='bbox 629 2658 752 2698; x_wconf 91' lang='lat' dir='ltr'><strong>codd.</strong></span> <span class='ocrx_word' id='word_1_216' title='bbox 778 2665 822 2698; x_wconf 88' lang='lat' dir='ltr'>et</span> <span class='ocrx_word' id='word_1_217' title='bbox 842 2664 874 2702; x_wconf 81' lang='grc' dir='ltr'>Σ</span> <span class='ocrx_word' id='word_1_218' title='bbox 1031 2659 1151 2713; x_wconf 80' lang='grc' dir='ltr'>κυρίῳ</span> <span class='ocrx_word' id='word_1_219' title='bbox 1173 2659 1208 2698; x_wconf 92' lang='grc' dir='ltr'>Β</span> <span class='ocrx_word' id='word_1_220' title='bbox 1224 2658 1264 2698; x_wconf 93' lang='grc' dir='ltr'>Ο</span> <span class='ocrx_word' id='word_1_221' title='bbox 1280 2659 1319 2697; x_wconf 93' lang='lat' dir='ltr'>D</span> <span class='ocrx_word' id='word_1_222' title='bbox 1339 2664 1396 2708; x_wconf 85' lang='lat' dir='ltr'>et,</span> <span class='ocrx_word' id='word_1_223' title='bbox 1421 2657 1464 2696; x_wconf 91' lang='lat' dir='ltr'>ni</span> <span class='ocrx_word' id='word_1_224' title='bbox 1495 2656 1634 2706; x_wconf 85' lang='lat' dir='ltr'>fallor,</span> <span class='ocrx_word' id='word_1_225' title='bbox 1656 2661 1688 2700; x_wconf 82' lang='grc' dir='ltr'>Σ</span> <span class='ocrx_word' id='word_1_226' title='bbox 1710 2656 1787 2707; x_wconf 83' lang='lat' dir='ltr'>(sc.</span> <span class='ocrx_word' id='word_1_227' title='bbox 1810 2656 1849 2694; x_wconf 79' lang='lat' dir='ltr'>ei</span> <span class='ocrx_word' id='word_1_228' title='bbox 1863 2663 1936 2705; x_wconf 70' lang='lat' dir='ltr'>qut</span> 
     </span>
     <span class='ocr_line' id='line_1_32' title="bbox 262 2711 1939 2766; baseline 0.002 -19"><span class='ocrx_word' id='word_1_229' title='bbox 262 2711 458 2762; x_wconf 79' lang='lat' dir='ltr'><em>proprius</em></span> <span class='ocrx_word' id='word_1_230' title='bbox 477 2712 551 2757; x_wconf 76' lang='lat' dir='ltr'><em>est)</em></span> <span class='ocrx_word' id='word_1_231' title='bbox 572 2726 581 2751; x_wconf 91' lang='lat'><strong>:</strong></span> <span class='ocrx_word' id='word_1_232' title='bbox 610 2713 779 2766; x_wconf 78' lang='grc' dir='ltr'>κοιράνῳ</span> <span class='ocrx_word' id='word_1_233' title='bbox 802 2714 835 2752; x_wconf 96' lang='lat' dir='ltr'><strong>L</strong></span> <span class='ocrx_word' id='word_1_234' title='bbox 850 2714 883 2752; x_wconf 91' lang='lat' dir='ltr'>P</span> <span class='ocrx_word' id='word_1_235' title='bbox 897 2714 935 2752; x_wconf 96' lang='lat' dir='ltr'>V</span> <span class='ocrx_word' id='word_1_236' title='bbox 1069 2727 1168 2763; x_wconf 89' lang='lat'>1141</span> <span class='ocrx_word' id='word_1_237' title='bbox 1202 2711 1303 2765; x_wconf 77' lang='grc' dir='ltr'>φῂς]</span> <span class='ocrx_word' id='word_1_238' title='bbox 1319 2712 1440 2761; x_wconf 63' lang='grc' dir='ltr'>’τλης</span> <span class='ocrx_word' id='word_1_239' title='bbox 1463 2711 1590 2751; x_wconf 83' lang='lat' dir='ltr'>Prinz</span> <span class='ocrx_word' id='word_1_240' title='bbox 1734 2721 1840 2760; x_wconf 92' lang='lat'>1150</span> <span class='ocrx_word' id='word_1_241' title='bbox 1868 2725 1939 2750; x_wconf 80' lang='grc' dir='ltr'>τυ·</span> 
     </span>
     <span class='ocr_line' id='line_1_33' title="bbox 269 2764 1932 2828; baseline 0.005 -22"><span class='ocrx_word' id='word_1_242' title='bbox 269 2764 397 2818; x_wconf 86' lang='grc' dir='ltr'>ράννῳ</span> <span class='ocrx_word' id='word_1_243' title='bbox 417 2767 456 2805; x_wconf 95' lang='lat' dir='ltr'>V</span> <span class='ocrx_word' id='word_1_244' title='bbox 470 2766 503 2805; x_wconf 90' lang='lat' dir='ltr'>P</span> <span class='ocrx_word' id='word_1_245' title='bbox 518 2766 566 2805; x_wconf 79' lang='lat' dir='ltr'>L¹</span> <span class='ocrx_word' id='word_1_246' title='bbox 586 2782 596 2807; x_wconf 71' lang='grc' dir='ltr'><strong><em>ε</em></strong></span> <span class='ocrx_word' id='word_1_247' title='bbox 624 2768 820 2821; x_wconf 83' lang='grc' dir='ltr'>τυράννου</span> <span class='ocrx_word' id='word_1_248' title='bbox 840 2768 874 2807; x_wconf 91' lang='lat' dir='ltr'><strong>L</strong></span> <span class='ocrx_word' id='word_1_249' title='bbox 889 2769 925 2807; x_wconf 91' lang='grc' dir='ltr'>Β</span> <span class='ocrx_word' id='word_1_250' title='bbox 1138 2782 1241 2821; x_wconf 89' lang='lat'>1153</span> <span class='ocrx_word' id='word_1_251' title='bbox 1270 2771 1394 2824; x_wconf 84' lang='grc' dir='ltr'>δόμον</span> <span class='ocrx_word' id='word_1_252' title='bbox 1414 2773 1448 2811; x_wconf 95' lang='lat' dir='ltr'><strong>L</strong></span> <span class='ocrx_word' id='word_1_253' title='bbox 1464 2773 1498 2812; x_wconf 90' lang='lat' dir='ltr'>P</span> <span class='ocrx_word' id='word_1_254' title='bbox 1516 2790 1581 2827; x_wconf 83' lang='grc' dir='ltr'>γρ.</span> <span class='ocrx_word' id='word_1_255' title='bbox 1607 2773 1667 2813; x_wconf 86' lang='lat' dir='ltr'>B:</span> <span class='ocrx_word' id='word_1_256' title='bbox 1699 2775 1791 2815; x_wconf 82' lang='grc' dir='ltr'>ὅδον</span> <span class='ocrx_word' id='word_1_257' title='bbox 1809 2775 1849 2814; x_wconf 92' lang='lat' dir='ltr'>V</span> <span class='ocrx_word' id='word_1_258' title='bbox 1865 2791 1932 2828; x_wconf 78' lang='grc' dir='ltr'>γρ.</span> 
     </span>
    </p>
   </div>
   <div class='ocr_carea' id='block_1_4' title="bbox 270 2819 1933 2934">
    <p class='ocr_par' dir='ltr' id='par_1_4' title="bbox 270 2819 1933 2934">
     <span class='ocr_line' id='line_1_34' title="bbox 271 2819 1933 2880; baseline 0.007 -22"><span class='ocrx_word' id='word_1_259' title='bbox 271 2819 306 2858; x_wconf 93' lang='grc' dir='ltr'>Β</span> <span class='ocrx_word' id='word_1_260' title='bbox 331 2833 340 2859; x_wconf 92' lang='lat'><strong>:</strong></span> <span class='ocrx_word' id='word_1_261' title='bbox 370 2820 473 2861; x_wconf 85' lang='grc' dir='ltr'>πόδα</span> <span class='ocrx_word' id='word_1_262' title='bbox 503 2820 537 2859; x_wconf 93' lang='grc' dir='ltr'>Β</span> <span class='ocrx_word' id='word_1_263' title='bbox 555 2822 618 2862; x_wconf 87' lang='lat' dir='ltr'>D:</span> <span class='ocrx_word' id='word_1_264' title='bbox 654 2823 830 2872; x_wconf 85' lang='lat' dir='ltr'>antiqua</span> <span class='ocrx_word' id='word_1_265' title='bbox 860 2824 1147 2874; x_wconf 86' lang='lat' dir='ltr'>discrepantia</span> <span class='ocrx_word' id='word_1_266' title='bbox 1178 2827 1397 2867; x_wconf 88' lang='lat' dir='ltr'>codicum:</span> <span class='ocrx_word' id='word_1_267' title='bbox 1439 2827 1586 2880; x_wconf 85' lang='grc' dir='ltr'>δρόμον</span> <span class='ocrx_word' id='word_1_268' title='bbox 1614 2827 1933 2870; x_wconf 87' lang='lat' dir='ltr'>Wilamowitz:</span> 
     </span>
     <span class='ocr_line' id='line_1_35' title="bbox 270 2873 1932 2934; baseline 0.007 -20"><span class='ocrx_word' id='word_1_269' title='bbox 270 2873 393 2928; x_wconf 86' lang='grc' dir='ltr'>πόρον</span> <span class='ocrx_word' id='word_1_270' title='bbox 411 2874 621 2915; x_wconf 88' lang='lat' dir='ltr'>Headlam</span> <span class='ocrx_word' id='word_1_271' title='bbox 738 2889 841 2926; x_wconf 90' lang='lat'>1154</span> <span class='ocrx_word' id='word_1_272' title='bbox 870 2878 980 2933; x_wconf 85' lang='grc' dir='ltr'>πάσῃ</span> <span class='ocrx_word' id='word_1_273' title='bbox 1001 2878 1039 2920; x_wconf 86' lang='grc' dir='ltr'>τ’</span> <span class='ocrx_word' id='word_1_274' title='bbox 1061 2879 1097 2918; x_wconf 95' lang='grc' dir='ltr'>Β</span> <span class='ocrx_word' id='word_1_275' title='bbox 1117 2879 1155 2918; x_wconf 94' lang='lat' dir='ltr'>O</span> <span class='ocrx_word' id='word_1_276' title='bbox 1172 2880 1210 2919; x_wconf 95' lang='lat' dir='ltr'>D</span> <span class='ocrx_word' id='word_1_277' title='bbox 1227 2894 1236 2919; x_wconf 69' lang='grc' dir='ltr'>ε</span> <span class='ocrx_word' id='word_1_278' title='bbox 1267 2884 1368 2922; x_wconf 79' lang='grc' dir='ltr'>πᾶσι</span> <span class='ocrx_word' id='word_1_279' title='bbox 1388 2879 1428 2922; x_wconf 82' lang='grc' dir='ltr'>τ’</span> <span class='ocrx_word' id='word_1_280' title='bbox 1448 2882 1488 2920; x_wconf 93' lang='lat' dir='ltr'>V</span> <span class='ocrx_word' id='word_1_281' title='bbox 1502 2882 1536 2921; x_wconf 93' lang='lat' dir='ltr'><strong>L</strong></span> <span class='ocrx_word' id='word_1_282' title='bbox 1551 2881 1586 2920; x_wconf 92' lang='lat' dir='ltr'>P</span> <span class='ocrx_word' id='word_1_283' title='bbox 1700 2894 1803 2933; x_wconf 85' lang='lat'>1155</span> <span class='ocrx_word' id='word_1_284' title='bbox 1833 2899 1932 2934; x_wconf 75' lang='grc' dir='ltr'>συμ-</span> 
     </span>
    </p>
   </div>
   <div class='ocr_carea' id='block_1_5' title="bbox 270 2930 1927 3038">
    <p class='ocr_par' dir='ltr' id='par_1_5' title="bbox 270 2930 1927 3038">
     <span class='ocr_line' id='line_1_36' title="bbox 270 2930 1927 2984; baseline 0.007 -15"><span class='ocrx_word' id='word_1_285' title='bbox 270 2932 409 2982; x_wconf 82' lang='grc' dir='ltr'>φοραῖς</span> <span class='ocrx_word' id='word_1_286' title='bbox 443 2930 679 2972; x_wconf 84' lang='grc' dir='ltr'>συνιστάναι</span> <span class='ocrx_word' id='word_1_287' title='bbox 713 2930 858 2971; x_wconf 85' lang='grc' dir='ltr'>ΒΟΙ)</span> <span class='ocrx_word' id='word_1_288' title='bbox 1067 2935 1171 2984; x_wconf 89' lang='lat'>1156</span> <span class='ocrx_word' id='word_1_289' title='bbox 1214 2938 1357 2977; x_wconf 82' lang='grc' dir='ltr'>κνισᾶν</span> <span class='ocrx_word' id='word_1_290' title='bbox 1385 2935 1559 2977; x_wconf 85' lang='lat' dir='ltr'>Haun.:</span> <span class='ocrx_word' id='word_1_291' title='bbox 1602 2941 1778 2980; x_wconf 83' lang='grc' dir='ltr'>κνισσᾶν</span> <span class='ocrx_word' id='word_1_292' title='bbox 1805 2939 1927 2980; x_wconf 89' lang='lat' dir='ltr'><strong>codd.</strong></span> 
     </span>
     <span class='ocr_line' id='line_1_37' title="bbox 272 2985 619 3038; baseline 0.003 -15"><span class='ocrx_word' id='word_1_293' title='bbox 272 2988 514 3038; x_wconf 86' lang='grc' dir='ltr'>προτροπαῖς</span> <span class='ocrx_word' id='word_1_294' title='bbox 533 2985 573 3024; x_wconf 95' lang='lat' dir='ltr'>V</span> <span class='ocrx_word' id='word_1_295' title='bbox 585 2985 619 3024; x_wconf 92' lang='lat' dir='ltr'>P</span> 
     </span>
    </p>
   </div>
  </div>
 </body>
</html>
