2118 3366
879 117 1319 168 ΕΥΡΙΠΙΔΟΥ

387 253 587 315 λαβεῖν,
622 246 848 316 συνάψαι
877 247 920 299 τ’
951 249 1006 300 ἐκ
1036 251 1173 300 δυοῖν
1200 248 1318 314 μίαν
1346 245 1511 316 χάριν.
1851 263 1929 305 515

266 337 364 385 Φα.
388 333 573 399 πότερα
601 335 656 386 δὲ
685 331 899 401 χριστὸν
927 327 959 398 ἢ
990 331 1143 384 ποτὸν
1172 331 1231 383 τὸ
1261 330 1549 399 φάρμακον,·

265 421 356 484 Τρ.
389 416 475 468 οὐκ
505 415 612 468 οἶδ’·
657 415 884 475 ὀνάσθαι,
917 415 985 481 μὴ
1015 417 1191 481 μαθεῖν
1219 415 1426 481 βούλου,
1456 414 1646 468 τέκνον.

265 505 362 552 Φα.
388 499 571 568 δέδοιχ’
602 499 735 554 ὅπως
763 521 847 564 μοι
875 498 942 564 μὴ
973 499 1090 550 λίαν
1121 500 1283 571 φανῇς
1316 497 1470 566 σοφή.

263 588 354 651 Τρ.
387 582 529 636 πάντ’
559 582 622 635 ἂν
652 582 924 650 φοβηθεῖσ’
955 584 1080 635 ισθι·
1127 583 1391 647 δειμαίνεις
1419 584 1472 635 δὲ
1501 583 1574 642 τί,·

266 672 362 719 Φα.
387 665 453 732 μή
484 668 574 732 μοί
597 687 645 718 τι
675 663 893 731 Θησέως
921 670 1077 718 τῶνδε
1106 665 1332 738 μηνύσῃς
1359 666 1504 736 τόκῳ.
1849 681 1932 721 520

263 755 353 818 Τρ.
387 751 556 809 ἔασον,
589 748 627 802 ὠ
658 754 763 802 παῖ·
811 749 943 801 ταῦτ’
976 750 1074 817 ἐγὼ
1105 748 1244 814 θήσω
1277 754 1455 803 καλῶς.

388 835 542 900 μόνον
573 833 638 885 σύ
665 855 764 900 μοι,
798 833 1043 886 δέσποινα
1072 835 1251 886 ποντία
1283 834 1461 900 Κύπρι,

391 917 632 985 συνεργὸς
662 919 780 983 εἴης.
868 916 1033 969 τᾶλλα
1062 917 1104 969 δ’
1140 916 1203 969 οἷ’
1234 918 1333 984 ἐγὼ
1364 921 1532 985 φρονῶ

389 1007 494 1056 τοῖς
524 1001 665 1054 ἔνδον
694 1002 812 1067 ἡμῖν
842 1001 1043 1068 ἀρκέσει
1073 997 1217 1064 λέξαι
1247 1001 1433 1068 φίλοις.

265 1133 355 1180 Χο.
466 1126 632 1194 Ἔρως
653 1126 835 1194 Ἔρως,
870 1125 896 1178 ὃ
928 1126 1033 1178 κατ’
1064 1125 1298 1192 ὀμμάτων
1798 1122 1930 1195 [στρ.

474 1209 670 1275 στάζεις
699 1212 872 1270 πόθον,
908 1210 1126 1278 εἰσάγων
1155 1216 1391 1277 γλυκεῖαν
1852 1215 1932 1267 526

471 1300 616 1365 ψυχᾷ
644 1293 793 1363 χάριν
824 1295 907 1348 οὓς
937 1294 1322 1366 ἐπιστρατεύσῃ,

472 1377 539 1445 μή
570 1379 659 1444 μοί
677 1400 799 1431 ποτε
830 1377 925 1431 σὺν
957 1383 1084 1448 κακῷ
1117 1380 1327 1445 φανείης

556 1462 668 1528 μηδ’
701 1462 947 1530 ἄρρυθμος
977 1461 1159 1515 ἔλθοις.
1272 1517 1276 1525 ,ἢ

473 1547 585 1599 οὔτε
615 1548 709 1614 γὰρ
741 1546 892 1614 πυρὸς
922 1545 1022 1598 οὔτ’
1053 1545 1253 1613 ἄστρων
1280 1544 1551 1614 ὑπέρτερον
1580 1544 1753 1612 βέλος,
1852 1562 1932 1602 530

475 1632 581 1683 οἷον
610 1630 667 1682 τὸ
697 1634 784 1684 τᾶς
815 1629 1118 1697 Ἀφροδίτας

473 1716 608 1780 ἵησιν
641 1717 694 1766 ἐκ
723 1719 887 1783 χερῶν

536 1797 728 1866 »νΕρως,
761 1800 787 1849 ὁ
821 1798 944 1852 Διὸς
974 1804 1104 1853 παῖς.

475 1925 643 1978 ἄλλως
674 1925 843 1979 ἄλλως
874 1924 1007 1992 παρά
1037 1924 1079 1976 τ’
1109 1924 1314 1994 Ἀλφεῷ
1803 1918 1930 1990 [ἀντ.

474 2011 670 2075 Φοίβου
699 2009 741 2061 τ’
776 2010 857 2062 ἐπὶ
889 2011 1097 2063 Πυθίοις
1125 2008 1385 2075 τεράμνοις
1851 2011 1931 2063 53⁶

473 2094 662 2158 βούταν
694 2093 853 2161 φόνον
881 2092 1073 2147 Ἑλλὰς
1103 2088 1219 2159 <αἶ’>
1250 2091 1399 2156 ἀέξει·

465 2176 668 2245 Ἔρωτα
697 2176 765 2236 δέ,
799 2176 886 2229 τὸν
915 2177 1155 2244 τύραννον
1186 2177 1391 2244 ἀνδρῶν,

556 2261 644 2313 τὸν
673 2265 760 2315 τᾶς
789 2260 1093 2329 Ἀφροδίτας

475 2344 733 2413 φιλτάτων
763 2343 1001 2411 θαλάμων
1033 2348 1328 2417 κλῃδοῦχοι,
1363 2343 1419 2394 οὐ
1450 2342 1735 2408 σεβίζομεν,
1849 2357 1930 2398 540

319 2472 398 2511 515
443 2461 611 2501 Desinit
646 2461 687 2500 K
889 2464 968 2511 518
1013 2463 1137 2514 σοφῆι
1172 2464 1279 2514 φανῆ
1283 2478 1300 2502 ς
1337 2459 1379 2498 Μ
1576 2470 1661 2507 520
1700 2456 1862 2512 μηνύσῃ
1896 2457 1931 2497 Ρ

263 2513 394 2556 τέκνω
417 2516 451 2555 L
640 2527 831 2566 525—542
863 2516 1111 2555 Notandum
1132 2522 1198 2555 est
1218 2516 1396 2565 primam
1415 2512 1666 2563 syllabam*
1644 2528 1741 2565 ερως
1759 2523 1932 2562 semper

265 2570 310 2620 (i.
327 2582 364 2608 e.
399 2569 568 2619 quater)
599 2570 754 2619 longae
785 2572 1048 2621 respondere
1233 2581 1312 2619 525
1346 2570 1368 2610 ὃ
1400 2567 1441 2606 Μ
1459 2567 1576 2606 BN.
1612 2568 1635 2608 ὃ
1665 2567 1755 2607 ἀντὶ
1784 2569 1859 2607 τοῦ
1885 2567 1931 2608 ὃς

263 2623 377 2667 ΣΝε
418 2626 462 2666 ὃς
494 2624 683 2663 AVLP
719 2624 996 2676 (glossemata
1029 2627 1074 2667 ὓς
1110 2637 1319 2675 suprascr.
1358 2623 1407 2672 B,
1445 2623 1559 2663 ὅστις
1592 2621 1637 2660 in
1671 2634 1709 2661 v,
1748 2621 1830 2669 526
1864 2619 1927 2672 M)

262 2679 345 2727 526
382 2678 542 2731 στάξεις
572 2679 645 2718 M:
685 2691 791 2719 corr.
825 2679 909 2719 M²:
952 2679 1139 2731 -κστάζεις
1171 2680 1205 2718 Ι,
1410 2688 1490 2726 527
1529 2679 1644 2730 ψυχᾳ
1671 2674 1927 2719 AVLP2:

262 2736 397 2784 ψυχᾶς
427 2733 499 2773 M.
537 2737 686 2786 ψυχαῖς
717 2733 828 2772 M²B
969 2734 1053 2786 οὓς]
1085 2733 1142 2776 οἷς
1173 2732 1233 2772 M²
1245 2731 1322 2772 B²=
1364 2730 1425 2773 αἶς
1455 2731 1493 2770 Ν
1522 2731 1567 2770 in
1596 2742 1678 2770 ras.
1710 2734 1754 2768 et
1783 2728 1927 2771 Haun.

263 2798 344 2836 532
391 2790 465 2837 τῆς
514 2787 748 2841 ἆφροδισίας
796 2787 838 2826 Μ
1071 2800 1152 2838 533
1199 2790 1334 2858 χερῶν
1379 2785 1561 2825 Aldina:
1609 2787 1759 2838 χειρῶν
1805 2784 1929 2825 codd.

262 2852 345 2891 535
374 2841 594 2895 ἈλφεῷΡ
609 2856 619 2883 :
651 2844 805 2896 ἀλφειῷ
826 2842 914 2883 rell.
1073 2855 1151 2893 537
1183 2840 1241 2883 αἶ’
1260 2841 1356 2881 add.
1380 2840 1606 2880 Hermann
1757 2838 1840 2888 538
1860 2837 1927 2887 δέ,

264 2895 360 2989 {ab}
372 2895 421 2990 δὲ
441 2898 519 2947 τὴν
534 2896 592 2940 Ρ·
615 2896 660 2939 δὲ
674 2897 715 2937 Α
870 2909 947 2948 541
971 2901 1206 2953 κλῃδουχον
1222 2896 1255 2935 L
1271 2896 1305 2936 P
1320 2895 1355 2935 Β
1373 2901 1415 2935 et
1435 2894 1589 2934 lemma
1605 2898 1664 2938 Σε
1684 2895 1929 2945 κλειδοῦχον
