2118 3366
953 131 1392 180 ΕΥΡΙΠΙΔΟΥ

339 263 432 311 Θε.
462 258 652 327 χαίρων
679 258 761 310 ἴθ’·
805 259 923 324 ἡμῖν
950 263 1212 312 δεσποτῶν
1239 259 1384 326 μέλει
1414 259 1554 312 κακά.

342 347 436 409 Ηρ.
462 341 535 393 ὅδ’
567 341 623 392 οὐ
653 343 865 408 θυραίων
896 341 1136 407 πημάτων
1167 342 1311 412 ἄρχει
1338 345 1505 411 λόγος.
1686 394 1688 396 ,

341 429 431 477 Θε.
466 424 522 476 οὗ
553 424 648 492 γάρ
677 446 724 476 τι
755 425 1023 491 κωμάζοντ’
1055 422 1117 479 ἂν
1147 427 1374 494 ἠχθόμην
1404 426 1453 477 σ’
1485 428 1628 494 ὁρῶν.
1677 423 1679 427 ’
1927 435 2001 485 815

341 514 435 575 Hp.
462 508 578 560 ἀλλ’
608 507 638 572 ἧ
668 508 891 561 πέπονθα
921 509 1038 561 δείν’
1069 510 1163 563 ὑπὸ
1193 509 1348 575 ξένων
1380 513 1532 576 ἐμῶν,-

341 596 432 644 Θέ.
464 592 550 643 οὐκ
580 591 730 655 ἧλθες
759 594 813 644 ἐν
843 592 1004 644 δέοντι
1035 592 1276 658 δέξασθαι
1306 595 1490 659 δόμοις.

464 674 643 728 πένθος
672 676 911 742 γᾶρῆμῖν
943 679 1071 728 ἐστι·
1119 678 1198 728 καὶ
1229 677 1478 742 στολμοὺς
1507 677 1719 743 βλέπεις

462 758 849 824 μελαμπέπλους
881 759 1059 827 κουράν
1088 782 1157 812 τε.
1249 765 1345 827 Ηρ.
1391 763 1465 814 τίς
1496 761 1537 812 δ’
1568 763 1594 812 ὁ
1625 762 1906 824 κατθανών,·

462 848 567 908 μῶν
599 839 628 907 ἢ
659 842 842 894 τέκνων
872 865 919 895 τι
951 849 1168 910 φροῦδον
1195 840 1226 908 ἢ
1257 844 1416 911 γέρων
1446 844 1606 912 πατήρ
1615 867 1633 906 ,·
1924 852 2005 892 820

341 932 432 979 Θε.
463 926 587 994 γυνὴ
617 929 708 991 μὲν
738 928 824 978 οὖν
855 929 1050 979 ὄλωλεν
1081 927 1340 993 Ἀδμήτου,
1373 927 1502 992 ξένε.

340 1016 438 1078 Ηρ.
462 1012 513 1062 τί
539 1012 662 1082 φῄς,·
711 1011 879 1063 ἔπειτα
911 1011 1034 1076 δῆτά
1062 1012 1112 1077 μ’
1145 1010 1405 1076 ἐξενίζετε,·

341 1100 433 1147 Θε.
462 1095 621 1166 ᾐδεῖτο
650 1093 746 1161 γάρ
776 1117 838 1147 σε
868 1096 1010 1147 τῶνδ’
1042 1097 1344 1148 ἀπώσασθαι
1374 1097 1553 1162 δόμων.

341 1184 437 1246 Ηρ.
462 1176 500 1230 ὦ
532 1178 745 1246 σχέτλι’,
780 1180 887 1233 οἵας
917 1179 1175 1245 ἤμπλακες
1204 1179 1459 1247 ξυναόρου.

342 1267 432 1315 Θε.
467 1264 807 1328 ἀπωλόμεσθα
836 1262 1032 1322 πάντες,
1067 1264 1123 1315 οὗ
1154 1266 1286 1329 κείνη
1317 1266 1459 1329 μόνη.
1926 1273 2006 1323 825

341 1351 437 1414 Hp.
466 1347 581 1398 ἀλλ’
609 1346 833 1418 ᾐσθόμην
863 1351 955 1413 μὲν
985 1348 1099 1413 ὄμμ’
1134 1349 1250 1399 ἰδὼν
1281 1352 1608 1415 ὃακρυρροοῦν

469 1430 644 1498 κουράν
674 1453 729 1482 τε
761 1432 838 1482 καὶ
869 1433 1157 1498 πρόσωπον·
1204 1432 1320 1483 ἀλλ’
1352 1432 1518 1485 ἔπειθέ
1545 1456 1608 1499 με

465 1515 630 1582 λέγων
662 1519 861 1582 θυραῖον
895 1519 1038 1580 κῆδος
1070 1518 1120 1570 ἐς
1149 1515 1311 1583 τάφον
1342 1516 1528 1583 φέρειν.

465 1601 557 1668 βίᾳ
587 1602 640 1650 δὲ
672 1603 824 1664 θυμοῦ
853 1599 994 1651 τάσδ’
1025 1601 1327 1668 ὑπερβαλὼν
1357 1601 1519 1654 πύλας

468 1683 637 1735 ἔπινον
669 1684 844 1751 ἀνδρὸς
876 1686 928 1735 ἐν
961 1683 1227 1751 φιλοξένου
1258 1686 1440 1750 δόμοις,
1925 1692 2007 1742 830

467 1767 786 1834 πράσσοντος
815 1770 955 1826 οὕτω.
1048 1767 1151 1838 κᾷτ’
1186 1770 1435 1834 ἐκώμαζον
1467 1768 1590 1837 κάρα

469 1851 741 1919 στεφάνοις
770 1855 1065 1912 πυκασθείς;
1114 1855 1249 1904 ἀλλὰ
1281 1858 1374 1904 σοῦ
1402 1852 1458 1904 τὸ
1487 1853 1552 1919 μὴ
1585 1852 1795 1921 φράσαι,

470 1941 617 1987 κακοῦ
646 1937 887 1988 τοσούτου
919 1938 1143 2002 δώμασιν
1175 1936 1513 2003 προκειμένου.

469 2026 562 2072 ποῦ
595 2022 680 2071 καί
706 2026 810 2087 σφε
842 2019 1039 2081 Ocima,-
1087 2026 1182 2073 ποῦ
1210 2043 1288 2073 νιν
1320 2020 1512 2088 εὑρήσω
1543 2022 1738 2086 μολών,-

346 2108 437 2157 Θε.
470 2104 621 2171 ὀρθὴν
650 2105 765 2171 παρ’
796 2106 952 2170 οἶμον,
984 2104 1014 2170 ἢ
1046 2106 1116 2157 ’πὶ
1145 2105 1373 2172 Λάρισαν
1403 2104 1562 2173 φέρει,
1932 2112 2009 2162 835

468 2189 662 2254 τύμβον
695 2191 890 2261 κατόψῃ
923 2189 1101 2254 ξεστὸν
1134 2193 1186 2241 ἐκ
1217 2191 1505 2257 προαστίου.

392 2306 471 2353 815
515 2322 554 2345 τι
590 2304 811 2356 κωμάζοντ’
847 2307 895 2347 ἂν
934 2304 1121 2357 ἠχθόμην
1160 2306 1198 2346 σ“’
1232 2303 1350 2344 VB:
1396 2319 1444 2344 σε
1479 2300 1700 2353 κωμάζοντ’
1736 2303 1785 2343 ἂν
1823 2302 2010 2353 ἠχθόμην

338 2358 421 2396 LP
458 2359 684 2411 (ἠχθόμηνὶε
723 2360 774 2409 Ρ)
981 2362 1059 2409 817
1107 2360 1250 2411 δόμους
1289 2359 1369 2398 LP
1569 2358 1762 2395 818—820
1804 2361 1934 2398 ταῦτα
1966 2357 2011 2398 δὲ

336 2414 388 2453 τὰ
422 2415 513 2465 τρία
545 2414 766 2468 <ἶαμβεῖα>
802 2415 845 2456 ἔν
878 2430 988 2455 τισιν
1023 2418 1094 2455 οὐκ
1130 2415 1309 2466 ἔγκειται
1348 2413 1430 2456 EV
1464 2413 1517 2452 ad
1552 2425 1590 2450 V.
1629 2413 1736 2450 820:
1779 2413 1855 2450 sed
1896 2412 1936 2450 in
1973 2412 2011 2450 V

335 2480 373 2505 v.
413 2470 493 2518 819
533 2476 731 2519 tanquam
773 2471 856 2508 duo
895 2483 1047 2508 versus
1086 2470 1269 2519 scriptus
1310 2477 1404 2507 est:
1447 2471 1499 2507 τὰ
1533 2467 1626 2520 τρία
1658 2466 1786 2515 igitur
1819 2467 2010 2516 818-819

335 2528 434 2559 sunt
692 2526 773 2562 818
815 2525 1017 2574 στολμοὺς
1047 2553 1056 2561 .
1093 2553 1102 2562 .
1137 2554 1147 2563 .
1183 2523 1328 2574 κουράν
1358 2522 1538 2571 scripsi:
1579 2522 1724 2573 κουρὰν
1753 2550 1762 2559 .
1799 2551 1808 2560 .
1839 2550 1849 2560 .
1883 2529 2008 2562 στολ-

338 2574 434 2624 μούς
454 2574 575 2614 codd.
718 2575 800 2613 820
828 2593 868 2616 τι
884 2580 1055 2629 φροῦδον
1070 2578 1095 2626 ἢ
1114 2576 1148 2615 Β
1161 2576 1211 2615 V¹
1230 2590 1238 2615 :
1270 2593 1309 2616 τι
1331 2579 1503 2629 φροῦδον
1520 2575 1639 2627 γένος
1654 2576 1680 2623 ἢ
1696 2576 1735 2613 V
1749 2580 1848 2614 ante
1866 2588 1972 2615 corr.
1995 2589 2005 2614 ε

338 2645 401 2669 τις
435 2633 603 2681 φροῦδος
634 2630 658 2678 ἢ
687 2629 745 2669 L:
782 2648 843 2672 τις
876 2632 901 2679 ἢ
936 2634 1103 2684 φροῦδος
1136 2633 1160 2680 ἢ
1194 2631 1239 2669 Ρ.
1299 2630 1496 2668 Fortasse
1525 2633 1611 2680 μῶν
1637 2629 1689 2677 ἣν
1718 2628 1814 2684 (ἆρα
1851 2630 2006 2682 ἀφανὴς

340 2681 507 2734 ἐγένετό
534 2701 596 2724 τις
625 2689 706 2724 τῶν
735 2687 887 2727 παίδων
907 2688 954 2736 Σ)
1164 2687 1244 2735 825
1278 2684 1400 2735 μόνον
1422 2685 1456 2722 L
1658 2685 1737 2733 827
1769 2683 2002 2737 πρόσωπον]

338 2739 575 2786 πεπλώματ’
600 2739 765 2778 Mekler
915 2742 1009 2781 ἀλλ’
1031 2741 1132 2791 ὅμως
1151 2741 1205 2788 V,
1226 2752 1330 2778 corr.
1355 2738 1409 2777 Vl
1605 2739 1686 2789 829
1724 2738 1855 2790 τύχας
1874 2738 2006 2780 πύλας

341 2791 402 2832 Β;
437 2806 542 2831 corr.
566 2795 587 2831 b
710 2797 788 2845 831
822 2795 912 2836 κᾶτ’
937 2794 1139 2845 ἐκώμαζον
1162 2795 1221 2833 L:
1251 2793 1539 2844 κάπεκώμαζον
1559 2793 1616 2833 P:
1649 2792 1922 2844 κατακωμάζω
1941 2793 2003 2833 V:

340 2850 444 2887 κᾶτα
464 2849 629 2899 κωμάζω
652 2850 686 2888 Β
900 2851 979 2897 832
1010 2853 1083 2889 σοῦ
1103 2851 1152 2890 τὸ
1172 2851 1226 2900 μὴ
1247 2849 1368 2887 codd.
1392 2854 1435 2887 et
1455 2854 1485 2891 Σ
1705 2849 1785 2897 833
1815 2861 2003 2900 προσκει-

339 2899 460 2951 μένου
500 2904 703 2953 Scaliger.
780 2904 846 2943 Cf.
879 2905 932 2942 ad
960 2918 1000 2942 v.
1032 2914 1108 2952 551
1331 2904 1410 2952 834
1455 2905 1532 2943 ποῦ
1566 2901 1647 2953 νιν]
1678 2905 1750 2942 ποῖ
1779 2918 1842 2943 νιν
1871 2901 2004 2940 Monk

339 2955 420 3005 835
448 2958 652 3011 Λάρισσαν
675 2959 795 2997 codd.
970 2961 1052 3010 836
1081 2959 1301 3019 προαστίου
1323 2959 1356 2996 L
1373 2959 1407 2996 Β
1413 2965 1470 3009 p:
1500 2959 1743 3012 προαστείου
1761 2958 1800 2998 V
1816 2959 1850 2998 P
