2118 3366
919 150 1359 199 ΕΥΡΙΠΙΔΟΥ

677 277 734 330 οὐ
766 277 950 331 σπάνις
980 277 1276 346 εὗγενέταις,

511 361 937 429 κηρυσσομένοισι
966 361 1008 414 δ’
1038 362 1123 414 ἀπ’
1156 364 1355 415 ἐσθλῶν
1386 361 1628 428 δωμάτων

425 447 543 510 τιμᾶ
574 445 653 497 καὶ
685 444 846 498 κλέος·
896 445 1031 497 οὗτοι
1058 447 1284 513 λείψανα
1314 451 1413 499 τῶν
1445 448 1648 514 ἀγαθῶν

510 530 700 596 ἀνδρῶν
732 530 1018 596 ἀφαιρεῖται
1047 530 1246 597 χρόνος·
1293 532 1326 581 ἆ
1356 529 1398 581 δ’
1431 531 1582 597 ἀρετὰ
1891 548 1972 590 775

596 613 674 664 καὶ
706 615 913 664 θανοῦσι
941 611 1147 678 λάμπει.

513 784 752 846 κρεῖσσον
783 783 836 832 δὲ
865 781 1007 832 νίκαν
1036 779 1103 845 μὴ
1137 778 1405 844 κακόδοξον
1436 781 1573 849 ἔχειν
1843 778 1970 851 [ἀντ.

512 859 543 927 ἢ
573 862 662 928 ξὺν
695 865 866 933 φθόνῳ
898 863 1153 931 σφάλλειν
1185 861 1387 930 δυνάμει
1416 885 1469 916 τε
1499 866 1658 918 δίκαν.
1891 874 1973 923 780

548 947 639 1012 ἡδὺ
668 950 762 1012 μὲν
793 950 889 1015 γὰρ
919 948 1093 999 αὐτίκα
1122 953 1267 999 τοῦτο
1297 953 1582 1014 βροτοῖσιν,

678 1033 732 1083 ἐν
762 1034 815 1083 δὲ
846 1032 1012 1101 χρόνῳ
1043 1031 1237 1084 τελέθει

509 1114 661 1182 ξηρὸν
694 1115 773 1167 καὶ
803 1118 1051 1168 ὀνείδεσιν
1085 1117 1302 1183 ἔγκειται
1333 1117 1513 1181 δόμων.

422 1200 603 1251 ταύταν
631 1198 791 1271 ᾔνεσα
819 1201 1003 1252 ταύταν
1035 1200 1114 1251 καὶ
1147 1198 1364 1267 φέρομαι
1392 1197 1590 1265 βιοτάν,
1889 1210 1970 1259 785

505 1286 660 1349 μηδὲν
689 1285 828 1337 δίκας
859 1283 953 1348 ἔξω
987 1281 1162 1350 κράτος
1193 1286 1246 1335 ἐν
1278 1281 1520 1350 θαλάμοις

592 1367 670 1419 καὶ
702 1368 850 1419 πόλει
881 1367 1138 1420 δύνασθαι.

674 1532 711 1585 ὦ
744 1533 891 1603 γέρον
923 1536 1147 1594 Αἶακίδα,
1797 1531 1968 1606 [ἐπῳδ.

506 1620 738 1684 πείθομαι
769 1619 848 1670 καὶ
881 1619 975 1671 σὺν
1009 1619 1288 1671 Λαπίθαισί
1317 1641 1378 1671 σε
1411 1620 1624 1671 Κενταύ-
1888 1635 1970 1678 790

590 1725 690 1769 ρων
721 1704 962 1769 ὁμιλῆσαι
992 1703 1099 1770 δορὶ

422 1786 739 1856 κλεινοτάτῳ·
784 1787 863 1838 καὶ
895 1787 971 1839 ἐπ’
1006 1785 1233 1857 Ἀργῴου
1263 1786 1407 1852 δορὸς
1437 1785 1615 1852 ἄξενον
1644 1789 1801 1856 ὑγρᾶν

504 1873 776 1937 ἐκπερᾶσαι
806 1875 1014 1924 ποντιᾶν
1046 1867 1435 1938 Ξυμπληγάδων

588 1958 791 2007 κλεινὰν
821 1956 904 2007 ἐπὶ
936 1957 1258 2014 ναυστολίαν,
1886 1971 1967 2015 795

591 2037 782 2091 Ἰλιάδα
811 2062 866 2092 τε
898 2041 1048 2092 πόλιν
1080 2041 1164 2091 ὅτε
1194 2037 1349 2106 πάρος

419 2123 677 2189 εὐδόκιμον
708 2126 734 2174 ὁ
768 2123 892 2178 Διὸς
923 2125 1017 2177 ’ἶνις
1049 2122 1324 2191 ἀμφέβαλε
1355 2123 1512 2193 φόνῳ,

591 2210 762 2260 κοινὰν
792 2210 884 2260 τᾶν
916 2209 1144 2260 εὔκλειαν
1176 2207 1340 2276 ἔχοντ’
1885 2206 1980 2256 800“

669 2292 915 2360 Εὐρώπαν
946 2291 1235 2360 ἀφικέσθαι.

346 2421 423 2457 772
471 2407 787 2459 κηρυσσομένοις
835 2409 876 2448 Α
898 2425 907 2449 :
963 2409 1275 2463 κηρυσσομένων
1319 2414 1349 2452 Σ
1394 2408 1482 2448 rell·
1509 2424 1519 2448 z
1577 2421 1686 2450 corr.
1741 2410 1964 2451 Hermann

292 2464 371 2512 778
401 2462 581 2502 fortasse
597 2464 652 2512 μὴ
667 2464 779 2504 νίκαν
878 2464 992 2516 ἔχειν
1007 2478 1089 2504 om.
1110 2465 1144 2503 L
1257 2465 1332 2513 781
1367 2463 1440 2504 ἁδὺ
1457 2463 1649 2502 Dindorf
1755 2467 1832 2514 784
1864 2465 1966 2506 ὀνεί-

289 2521 377 2558 δεσι
390 2517 550 2566 νείκη-τε
567 2518 606 2555 Μ
621 2518 660 2557 O
672 2518 707 2556 B
725 2518 888 2570 (εἴκειτε
904 2519 979 2569 Β>;
1002 2523 1159 2560 νικᾶται
1168 2518 1471 2559 Wilamowitz.
1514 2518 1656 2568 Super
1667 2517 1780 2558 hunc
1792 2533 1964 2560 versum

287 2572 462 2622 scripsit
475 2571 625 2624 ἆφανές
639 2573 679 2611 V
791 2575 869 2623 785
889 2574 1045 2623 ταύτην
1061 2575 1125 2613 bis
1139 2574 1174 2612 P
1287 2576 1363 2623 787
1386 2572 1554 2627 κράτους
1569 2574 1610 2612 Α
1624 2574 1659 2612 L
1771 2586 1851 2624 790
1870 2574 1962 2615 πεύ·

288 2631 404 2677 θομαι
427 2627 640 2667 Headlam
745 2643 794 2668 σε
813 2629 1044 2678 Musgrave
1063 2629 1125 2674 (et
1138 2629 1319 2667 fortasse
1337 2628 1501 2676 Haun.)
1520 2642 1528 2666 ε
1562 2642 1611 2669 σε
1626 2629 1692 2669 καὶ
1708 2628 1798 2667 sere
1811 2630 1933 2668 codd.
1953 2644 1962 2668 :

286 2698 335 2721 τε
356 2682 421 2722 καὶ
443 2680 479 2719 Β
499 2696 509 2718 2
539 2694 619 2720 om.
644 2681 686 2721 A
817 2682 1051 2737 Κενταύρων
1073 2683 1107 2722 L
1125 2682 1222 2721 PV²
1240 2697 1249 2722 ι
1279 2680 1488 2736 κενταύροι
1511 2681 1572 2727 Μ,
1594 2697 1622 2723 σ
1640 2683 1735 2722 add.
1759 2682 1819 2721 Μ2
1837 2698 1846 2722 :
1875 2699 1962 2724 κεν-

287 2735 445 2788 ταύροις
458 2735 547 2775 rell.
566 2736 748 2776 fortasse
761 2743 880 2776 recte
988 2750 1067 2788 793
1088 2739 1228 2790 ἄξενον
1236 2736 1305 2776 L²:
1330 2738 1484 2788 ἄξεινον
1497 2736 1586 2776 rell.
1695 2750 1774 2787 794
1793 2738 1964 2779 ποντίαν

286 2790 566 2842 Ξυμπληγᾶδα
586 2792 708 2831 codd.
730 2791 841 2847 (συμ.
862 2792 916 2831 L:
938 2793 1015 2840 τὴν
1031 2809 1145 2834 ποντ.
1172 2791 1207 2829 Β
1225 2791 1309 2838 Ο);
1334 2803 1439 2830 corr.
1462 2790 1686 2830 Hermann
1813 2793 1893 2842 796
1911 2793 1962 2833 τὸ

284 2848 409 2897 πάρος
430 2844 656 2886 Hermann
836 2847 914 2895 798
945 2845 1151 2894 εὗδόκιμος
1171 2846 1294 2885 codd.
1315 2859 1323 2884 :
1356 2858 1462 2884 corr.
1492 2845 1716 2885 Hermann
1740 2847 1781 2896 (ὁ
1802 2846 1962 2886 delevit

287 2898 511 2992 Matthiae)
653 2913 733 2951 799
754 2900 998 2955 ἀμφέβαλλε
1011 2901 1051 2940 V
1065 2901 1099 2939 B
1115 2901 1153 2940 Ο
1303 2901 1381 2939 801
1413 2900 1605 2953 Εὐρώπαν
1627 2900 1662 2939 L
1674 2900 1755 2939 V2:
1785 2901 1962 2955 εὐρώταν

286 2967 332 2993 re
367 2983 378 2994 .
1888 2979 1890 2981 ·
