2118 3366
791 126 1296 176 ΑΝΔΡΟΜΑΧΗ

343 260 530 315 ἄλλους
561 261 612 314 ἐς
642 260 820 318 οἴκους,
853 257 920 324 μὴ
952 257 1075 329 θάνῃ
1108 253 1419 324 φοβουμένη.

346 345 372 395 ὁ
401 346 498 411 γὰρ
527 343 781 411 φυτεύσας
810 340 960 393 αὐτὸν
990 340 1092 392 οὔτ’
1123 340 1232 405 ε’μοὶ
1263 337 1396 405 πάρα

342 428 760 495 προσωφελῆσαι,
794 426 937 477 παιδί
962 423 1004 475 τ’
1034 423 1179 476 οὐδέν
1209 421 1333 481 ἐστ’,
1364 421 1505 474 ἀπὼν
1833 435 1888 478 5ο

345 515 568 578 Δελφῶν
602 508 703 561 κατ’
734 508 864 568 αἶαν,
899 508 1018 560 ἔνθα
1047 506 1205 575 Λοξίᾳ
1233 507 1377 570 δίκην

342 597 521 647 δίδωσι
548 595 742 660 μανίας,
772 591 805 666 ᾗ
834 592 941 645 ποτ’
971 594 1044 646 εἰς
1076 591 1227 643 Πυθὼ
1258 590 1429 655 μολὼν

338 677 498 750 ᾔτησε
528 682 726 743 Φοῖβον
755 675 941 744 πατρὸς
968 676 1027 728 οὗ
1061 676 1239 727 κτείνει
1269 676 1424 738 δίκην,

341 764 390 815 εἴ
415 784 519 817 πως
548 764 610 814 τὰ
640 761 831 829 πρόσθε
862 758 1123 828 σφάλματ’
1156 757 1501 827 ἐξαιτούμενος

342 845 459 917 θεὸν
488 844 787 914 παράσχοιτ’
823 846 892 898 εἰς
922 844 978 896 τὸ
1007 842 1189 896 λοιπὸν
1221 842 1414 908 εὐμενῆ.
1834 856 1888 896 55

217 956 606 996 ΘΕΡΑΠΑῙΝΑ

342 1030 738 1098 δέσποιν’-ἔγῶ
769 1051 848 1082 τοι
877 1028 1076 1094 τοῦνομ’
1108 1027 1164 1080 οὐ
1195 1027 1366 1095 φεύγω
1397 1025 1513 1077 τόδε

344 1120 514 1168 καλεῖν
546 1114 850 1181 σ’,’ἐπείπερ
883 1115 961 1166 καὶ
993 1112 1095 1164 κατ’
1127 1112 1263 1164 οἳκον
1294 1109 1465 1175 ἠξίουν

341 1199 429 1252 τὸν
460 1200 569 1260 σόν,
601 1198 658 1250 τὸ
687 1199 870 1266 Τροίας
899 1197 1024 1263 ἡνίκ’
1057 1196 1271 1267 ᾠκοῦμεν
1300 1193 1468 1252 πέδον,

344 1284 511 1337 εὔνους
541 1286 595 1335 δὲ
628 1282 707 1334 καὶ
739 1283 821 1335 σοὶ
855 1282 1000 1346 ζῶντί
1026 1280 1069 1332 τ’
1101 1280 1131 1345 ἦ
1160 1285 1227 1350 τῷ
1260 1283 1334 1349 σῷ
1366 1278 1530 1337 πόσει,

345 1367 424 1420 καὶ
453 1372 539 1420 νῦν
570 1365 797 1434 φέρουσά
828 1387 910 1417 σοι
941 1364 1081 1419 νέους
1111 1364 1211 1429 ἥκω
1242 1362 1441 1430 λόγους,
1836 1368 1890 1408 60

344 1451 495 1521 φόβῳ
526 1449 633 1516 μέν,
669 1451 716 1502 εἴ
741 1470 814 1503 τις
845 1453 1104 1502 δεσποτῶν
1135 1445 1450 1512 αἰσθήσεται,

344 1537 487 1605 οἴκτῳ
520 1537 573 1587 δὲ
602 1540 669 1605 τῷ
704 1539 794 1605 σῷ·
841 1535 977 1586 δεινὰ
1006 1535 1102 1601 γὰρ
1131 1531 1430 1598 βουλεύεται

344 1617 609 1673 Μενέλαος
639 1619 709 1673 εἷς
741 1621 801 1670 σὲ
831 1623 947 1671 παῖς
977 1617 1036 1676 θ’,
1071 1616 1102 1669 ἅ
1133 1635 1215 1668 σοι
1247 1611 1520 1683 φυλακτέα.

219 1706 306 1757 Αν.
343 1701 381 1756 ὦ
413 1700 629 1772 φιλτάτη
663 1701 1258 1755 σύνδουλε--σύνδουλος
1288 1702 1382 1767 γὰρ
1413 1699 1462 1751 εἲ

343 1795 403 1861 τῇ
432 1787 611 1854 πρόσθ’
642 1784 843 1860 ἀνάσσῃ
873 1790 1005 1860 τῇδε,
1039 1790 1125 1837 νῦν
1156 1787 1209 1837 δὲ
1241 1787 1552 1852 δυστυχεῖ-
1835 1789 1886 1839 65

343 1873 395 1924 τί
421 1876 599 1939 δρῶσι,·
648 1872 791 1926 ποίας
819 1872 1046 1939 μηχανὰς
1076 1868 1349 1922 πλέκουσιν
1381 1868 1456 1927 αὖ,

347 1960 530 2009 κτεῖναι
559 1954 790 2010 θέλοντες
820 1955 911 2019 τὴν
941 1954 1220 2006 παναθλίαν
1253 1951 1340 2019 ἐμέ
1346 1973 1362 2012 ,·

221 2043 312 2093 Θε.
345 2039 431 2092 τὸν
460 2038 613 2093 παῖδά
641 2062 734 2092 σου
763 2038 1057 2106 μέλλουσιν,
1092 2036 1129 2089 ὦ
1160 2037 1373 2101 δύστηνε
1405 2035 1485 2095 σύ,

346 2125 569 2184 κτείνειν,
604 2123 660 2176 ὃν
691 2122 785 2189 ἔξω
817 2121 1053 2189 δωμάτων
1082 2120 1338 2187 ὑπεξέθου.

220 2212 311 2262 Αν.
344 2211 492 2275 οἴμοι·
540 2207 788 2262 πέπυσται
818 2207 905 2260 τὸν
937 2206 1055 2273 ἐμὸν
1085 2205 1284 2258 ἔκθετον
1315 2205 1490 2272 γόνον,·
1834 2215 1890 2258 70

345 2294 499 2346 πόθεν
530 2292 663 2353 ποτ’;
710 2291 747 2344 ὦ
779 2291 1036 2357 δύστηνος,
1071 2290 1135 2344 ὡς
1166 2289 1456 2355 ἀπωλόμην.

222 2381 313 2431 Θε.
346 2377 433 2430 οὐκ
462 2377 572 2437 οἷδ’,
607 2377 809 2429 ἐκείνων
840 2376 883 2427 δ’
913 2375 1137 2448 ᾐσθόμην
1169 2374 1266 2441 ἐγὼ
1296 2370 1427 2425 τάδε·

348 2465 562 2530 φροῦδος
592 2461 634 2513 δ’
666 2460 743 2513 ἐπ’
775 2460 922 2512 αὐτὸν
954 2457 1223 2511 Μενέλεως
1254 2458 1416 2523 δόμων
1446 2455 1560 2509 ἄπο.

275 2588 328 2627 52
357 2575 385 2632 ᾗ
404 2576 588 2617 Reiske:
619 2576 670 2626 ἢν
689 2576 812 2616 codd.
830 2580 873 2614 et
887 2579 918 2618 Σ
1029 2574 1119 2615 ποτ’
1135 2572 1240 2612 AV²
1254 2573 1287 2611 L
1304 2586 1313 2611 t
1345 2572 1433 2613 τότ’
1450 2571 1541 2611 rell.
1655 2582 1709 2621 53
1738 2571 1886 2612 κτείνει

220 2630 368 2673 Ambr.
401 2631 664 2675 MVBLR:
706 2631 809 2672 τίνει
838 2629 925 2668 AP
953 2645 1019 2683 γρ.
1050 2633 1111 2672 Σε
1148 2628 1290 2669 ’κτίνει
1323 2626 1428 2665 Db:
1466 2625 1633 2667 ’κτίνειν
1663 2625 1886 2665 Hermann

223 2686 440 2737 (οὖκτίνειν
462 2704 496 2719 =
518 2687 557 2727 οἱ
576 2685 750 2727 ἐκτίνειν
772 2685 984 2734 Badham)
1179 2694 1231 2732 57
1263 2682 1301 2723 σ’
1324 2695 1406 2721 om.
1434 2681 1468 2720 L
1661 2681 1716 2731 58
1743 2681 1792 2721 τὸ
1813 2681 1888 2721 σὺν

219 2757 286 2794 γρ.
309 2746 340 2785 Σ
367 2741 433 2792 (et
462 2741 655 2792 primitus
684 2739 743 2792 A)
965 2750 1019 2788 59
1054 2737 1088 2778 δ’
1111 2740 1199 2778 ἐκεῖ
1225 2738 1288 2778 σοὶ
1319 2736 1511 2775 Badham
1678 2734 1730 2784 ἣν
1758 2735 1880 2774 codd.

221 2797 274 2845 63
314 2795 436 2838 παῖδά
473 2794 507 2836 θ’
537 2794 604 2834 V:
646 2794 754 2836 παῖδ’
788 2793 935 2834 Ambr.
973 2792 1008 2830 B
1024 2791 1062 2831 Ο
1284 2793 1336 2841 65
1380 2793 1483 2845 τῇδει
1520 2803 1601 2829 orn.
1639 2790 1701 2829 L:
1739 2789 1838 2829 add.
1873 2789 1887 2827 l

221 2851 277 2889 66
306 2850 354 2892 αὖ
373 2862 454 2890 om.
478 2850 537 2889 L:
568 2848 767 2891 πλέκουσι
789 2852 859 2890 νῦν
879 2849 939 2887 P:
972 2848 1021 2897 δὴ
1041 2858 1254 2897 suprascr.
1275 2846 1315 2885 A
1456 2857 1506 2894 70
1535 2844 1738 2886 πέπυσται
1759 2844 1883 2884 codd.

222 2910 265 2945 et
284 2910 315 2948 Σ
334 2919 344 2944 :
373 2904 551 2946 πέπυσθε
574 2904 707 2944 Ludv.
731 2902 916 2942 Dindors
1113 2914 1164 2951 73
1183 2905 1283 2940 ante
1306 2913 1358 2950 70
1379 2904 1538 2950 transp.
1566 2898 1887 2939 Radermacher

224 2971 275 3008 72
306 2962 460 3002 ἐκεῖνον
479 2965 525 2999 ut
544 2958 628 3000 vid.
652 2958 709 2999 L:
743 2961 788 3000 ἐκ
808 2956 956 2999 τούτου
976 2956 1144 2996 videtur
1163 2955 1344 2995 reddere
1364 2959 1395 2998 Σ
1622 2966 1674 3004 73
1704 2953 1766 2995 ἐπ’
1788 2954 1886 2995 αὐτὸ

221 3012 367 3055 Ambr.
390 3014 506 3068 (-τον
525 3016 576 3066 Σ)
