2118 3366
773 111 1176 161 ΑΛΚΗΣΤΙΣ

265 243 437 309 ψυχῆς
467 241 774 304 ἀπαντλοίην
805 239 882 292 ἄν.
957 243 1011 292 ἐν
1042 241 1083 292 δ’
1114 242 1340 309 ὀνείρασι

268 322 498 390 φοιτῶσά
526 323 575 389 μ’
607 323 891 390 εὐφραίνοις
920 323 998 375 ἄν·
1043 325 1134 389 ἡδὺ
1163 327 1260 392 γὰρ
1293 327 1476 393 φίλους
1734 344 1812 384 355

269 408 359 459 κάν
389 407 526 458 νυκτὶ
554 407 811 466 λεύσσειν,
844 407 996 460 ὅντιν’
1026 407 1088 460 ἂν
1117 417 1251 482 παρῇ
1280 410 1480 477 χρόνον.

267 493 310 542 εἰ
341 490 383 542 δ’
413 489 644 557 Ὀρφέως
672 512 759 555 μοι
787 496 1004 558 γλῶσσα
1034 492 1115 543 καὶ
1142 492 1296 558 μέλος
1326 497 1504 561 παρῆν,

267 573 388 625 ὥστ’
418 569 448 638 ἢ
481 574 639 647 κόρην,
662 573 924 641 Δήμητρος
954 571 984 639 ἢ
1017 578 1179 640 κείνης
1209 577 1361 628 πόσιν

264 659 465 723 ὕμνοισι
497 647 788 723 κηλήσαντά
817 659 867 709 σ’
901 657 960 723 ἐξ
974 658 1149 711 οἈιδου
1178 666 1379 726 λαβεῖν,

269 745 518 806 κατῆλθον
548 741 624 801 ἄν,
659 744 744 794 καί
768 742 819 808 μ’
850 743 952 795 οὔθ’
984 744 1010 794 ὁ
1041 745 1345 798 Πλούτωνος
1376 745 1504 798 κύων
1734 753 1814 803 360

267 825 371 878 οὔθ’
404 827 518 878 οὑπὶ
550 827 686 898 κώπῃ
717 828 1057 895 ψυχοπομπὸς
1087 827 1149 880 ἂν
1178 827 1362 896 Χάρων

271 910 443 977 ἔσχον,
477 910 592 978 πρὶν
622 913 673 964 ἐς
705 916 813 978 φῶς
844 911 939 963 σὸν
971 916 1282 977 καταστῆσαι
1312 914 1447 978 βίον.

268 993 384 1045 ἀλλ’
416 994 501 1046 οὖν
533 996 698 1047 ἐκεῖσε
728 997 983 1062 προσδόκα
1011 996 1078 1061 μ’,
1111 998 1232 1048 ὅταν
1263 997 1413 1057 θάνω,

271 1078 349 1129 καὶ
380 1077 501 1143 δῶμ’
533 1079 770 1144 ἐτοίμαζ’,
805 1079 870 1133 ὦς
901 1079 1276 1144 συνοικήσουσά
1305 1104 1406 1146 μοι.

269 1164 324 1214 ἐν
353 1168 518 1214 ταῖσιν
549 1163 719 1216 αὐταῖς
748 1162 844 1230 γάρ
872 1163 925 1228 μ’
957 1163 1229 1231 ἐπισκήψω
1262 1165 1452 1232 κέδροις
1735 1172 1814 1223 365

268 1247 352 1298 σοὶ
381 1247 561 1299 τούσδε
591 1251 747 1299 θεῖναι
779 1247 969 1315 πλευρά
997 1248 1039 1298 τ’
1070 1250 1285 1301 ἐκτεῖναι
1315 1249 1473 1304 πέλας

267 1335 530 1397 πλευροῖσι
560 1336 664 1384 τοῖς
695 1337 822 1385 σοῖς·
866 1334 991 1397 μηδὲ
1021 1334 1117 1399 γὰρ
1148 1334 1310 1385 θανών
1340 1357 1461 1387 ποτε

269 1419 361 1466 σοΰ
390 1416 543 1483 χωρὶς
574 1417 679 1480 εἵην
708 1419 795 1480 τῆς
821 1417 975 1481 μόνης
1006 1420 1189 1482 πιστῆς
1220 1420 1344 1483 ἐμοί.

143 1501 235 1550 Χο.
269 1500 348 1551 καὶ
377 1498 475 1564 μὴν
506 1500 602 1566 ἐγώ
636 1521 719 1551 σοι
750 1500 930 1553 πένθος
961 1500 1026 1555 ὡς
1058 1503 1210 1568 φίλος
1242 1504 1376 1573 φίλῳ

266 1582 459 1650 λυπρὸν
488 1585 708 1635 συνοίσω
739 1588 908 1649 τῆσδε·
957 1585 1037 1636 καὶ
1066 1588 1163 1652 γὰρ
1194 1585 1323 1650 ἀξία.
1738 1603 1817 1644 370

143 1669 236 1719 Αλ.
268 1664 306 1718 ὦ
338 1671 524 1727 παῖδες,
558 1668 695 1719 αὐτοὶ
726 1668 784 1733 δὴ
816 1669 921 1720 τάδ’
955 1671 1284 1735 εἷσηκούσατε

267 1751 453 1819 πατρὸς
480 1751 720 1819 λέγοντος
748 1753 815 1818 μὴ
846 1759 1025 1820 γαμεῖν
1055 1753 1218 1819 ἄλλην
1248 1758 1368 1808 ποτὲ

268 1836 459 1903 γυναῖκ’
492 1836 577 1904 ἐφ’
607 1838 721 1902 ὑμῖν
749 1837 862 1902 μηδ’
895 1837 1158 1903 ἀτιμάσειν
1190 1838 1291 1904 ἐμέ.

143 1924 232 1972 Αδ.
268 1921 346 1972 καὶ
376 1925 463 1972 νῦν
494 1920 554 1988 γέ
584 1927 726 1988 φημι,
763 1922 841 1973 καὶ
870 1922 1156 1987 τελευτήσω
1187 1922 1318 1975 τάδε.

145 2007 239 2055 Αλ.
267 2005 347 2056 ἐπὶ
377 2009 549 2057 τοῖσδε
578 2009 757 2060 παῖδας
787 2006 954 2074 χειρὸς
990 2005 1049 2071 ἐξ
1075 2009 1194 2072 ἐμῆς
1228 2006 1393 2075 δέχου.
1737 2023 1814 2065 375

145 2092 233 2140 Αδ.
266 2087 490 2157 δέχομαι,
523 2091 678 2156 φίλον
708 2112 767 2157 γε
797 2094 956 2157 δῶρον
988 2093 1041 2142 ἐκ
1073 2093 1226 2158 φίλης
1257 2093 1419 2159 χερός.

145 2176 239 2224 Αλ.
265 2172 329 2224 σὺ
358 2178 445 2225 νῦν
475 2179 622 2240 γενοῦ
651 2174 810 2226 τοῖσδ’
846 2174 950 2226 ἀντ’
987 2177 1105 2240 ἐμοῦ
1131 2174 1290 2242 μήτηρ
1321 2175 1527 2228 τέκνοις.

146 2259 234 2308 Αδ.
266 2256 433 2321 πολλή
462 2257 512 2322 μ’
545 2257 749 2325 ἀνάγκη,
785 2264 877 2310 σοῦ
906 2258 952 2326 γ’
984 2258 1421 2326 ἀπεστερημένοις.

146 2343 240 2391 Αλ.
267 2338 305 2392 ὦ
335 2340 482 2401 τέκν’,
517 2343 599 2394 ὅτε
634 2343 726 2407 ζῆν
756 2346 885 2411 χρῆν
914 2342 983 2408 μ’,
1017 2343 1297 2411 ἀπέρχομαι
1329 2343 1475 2395 κάτω.

146 2427 236 2476 Αδ.
269 2426 416 2490 οἴμοι,
449 2427 502 2477 τί
527 2425 695 2492 δράσω
727 2430 849 2491 δῆτα
880 2432 974 2478 σοῦ
1002 2428 1330 2492 μονούμενος;
1739 2436 1816 2484 380

147 2511 241 2559 Αλ.
266 2510 447 2576 χρόνος
475 2509 690 2574 μαλάξει
721 2510 786 2561 σ’·
832 2510 974 2563 οὐδέν
1004 2511 1113 2563 ἐσθ’
1145 2513 1171 2562 ὁ
1204 2512 1471 2564 κατθανών.

200 2635 280 2675 355
319 2626 462 2678 φίλους
499 2625 566 2664 V:
616 2627 753 2679 φίλοις
794 2626 925 2665 LPB
1166 2630 1249 2678 356
1288 2627 1458 2680 χρόνον]
1498 2628 1651 2682 τρόπον
1689 2629 1816 2668 Prinz

145 2681 230 2729 358
259 2680 357 2720 ὥστ’
373 2681 399 2729 ἢ
418 2680 580 2719 Reiske
597 2694 606 2720 ζ
638 2683 690 2722 ὡς
709 2682 788 2731 τὴν
809 2682 931 2721 codd.
951 2680 1013 2731 (et
1033 2687 1063 2725 Σ
1077 2685 1109 2732 2)
1241 2685 1317 2732 361
1351 2682 1513 2735 Χάρων]
1530 2684 1662 2735 γέρων
1678 2683 1818 2722 Cobet

146 2735 226 2783 362
258 2733 384 2785 ἔσχεν
405 2734 530 2774 Earle
652 2738 748 2786 367,
770 2738 852 2786 368
882 2737 944 2776 Cf.
969 2736 1045 2775 Ar.
1068 2736 1258 2778 Acharn.
1284 2739 1364 2786 893
1476 2750 1557 2788 372
1586 2738 1687 2778 ποτὲ
1708 2738 1815 2777 LP:

145 2789 239 2829 τινὰ
258 2787 296 2826 V
310 2789 344 2827 B
365 2794 408 2828 et
428 2789 611 2830 fortasse
632 2797 663 2834 Σ
682 2792 737 2831 ad
758 2806 796 2830 v.
821 2803 900 2841 375
1085 2794 1168 2841 376
1198 2806 1279 2832 om.
1304 2793 1338 2830 L
1353 2792 1386 2830 P
1409 2792 1469 2842 (in
1492 2804 1621 2842 marg.
1645 2793 1742 2832 add.
1765 2792 1814 2844 l).

139 2844 248 2883 Tum
269 2845 313 2884 in
334 2843 370 2883 L
389 2842 600 2886 Alcestidi
623 2844 868 2885 tribuuntur
885 2856 954 2884 vv,
978 2854 1074 2894 375,
1095 2856 1176 2894 377
1327 2845 1407 2893 378
1435 2843 1572 2893 πολλή
1592 2844 1634 2895 μ’
1658 2844 1788 2883 Monk
1808 2859 1816 2882 :

139 2899 276 3002 πολ>>ιή
294 2900 337 2952 ’γ’
359 2900 482 2942 codd.
652 2913 750 2952 ,379
776 2903 883 2954 χρῆν
905 2896 945 2951 μ’
968 2898 1007 2937 Ο
1029 2912 1038 2936 :
1067 2899 1149 2951 χρή
1169 2899 1210 2949 μ’
1233 2898 1271 2936 V
1286 2897 1320 2935 B
1341 2913 1349 2937 :
1378 2898 1420 2948 μ’
1443 2900 1571 2951 ἐχρῆν
1593 2899 1626 2937 L
1641 2899 1674 2937 P
1697 2898 1752 2950 (P
1772 2899 1814 2937 in

138 2966 218 2993 ras.
