2118 3366
843 95 1165 144 ΚΎΚΛΩΨ

297 223 532 276 ἄκουσον.
618 222 739 274 ὅταν
766 220 959 274 ἄνωθεν
988 224 1181 289 ὄμβρον
1214 222 1381 295 ἐκχέῃ,

297 310 351 360 ε’ν
381 308 499 378 τῇδε
529 305 685 375 πέτρᾳ
716 304 885 373 στέγν’
918 305 1052 374 ἔχων
1084 306 1399 371 σκηνώματα,

295 387 327 456 ἢ
357 391 559 458 μόσχον
586 389 742 442 ὀπτὸν
771 388 802 454 ἥ
831 410 881 440 τι
910 387 1110 456 θήρειον
1141 388 1288 444 δάκος
1570 440 1573 442 ,
1762 410 1841 452 325

296 474 603 539 δαινύμενος,
638 473 693 524 εὖ
721 471 917 540 τέγγων
946 494 1003 526 τε
1031 472 1235 541 γαστέρ’
1264 474 1461 534 ὑπτίαν,

298 558 546 611 ε’πεκπιὼν
575 555 827 624 γάλακτος
859 556 1107 624 ἀμφορέα,
1141 556 1339 609 πέπλον

299 641 472 710 κρούω,
506 639 630 695 Διὸς
658 645 959 708 βρονταῖσιν
990 643 1061 694 εἷς
1092 640 1195 708 ἔριν
1227 644 1436 694 κτυπῶν.

297 727 420 779 ὅταν
449 727 504 778 δὲ
530 723 718 792 βορέας
746 725 898 793 χιόνα
929 727 1149 798 Θρῄκιος
1179 723 1291 797 χέῃ,
1349 730 1355 734 ’

297 814 493 878 δοραῖσι
522 812 684 877 θηρῶν
717 814 864 874 σῶμα
893 810 1185 876 περιβαλὼν
1217 808 1339 875 ἐμὸν
1766 828 1845 869 330

299 895 379 947 καὶ
408 898 505 961 πῦρ
534 894 998 962 ἀναίθων-χιόνος
1028 892 1172 946 οὐδέν
1200 915 1285 959 μοι
1312 891 1479 959 μέλει.4
1708 883 1710 886 ⁴

295 979 327 1045 ἡ
358 981 421 1047 γῆ
454 977 496 1030 δ’
527 977 736 1050 ἀνάγκῃ,
772 977 863 1030 κᾶν
894 976 1016 1050 θέλῃ
1050 977 1139 1030 κάν
1167 977 1234 1043 μὴ
1266 977 1405 1050 θέλῃ,

297 1064 537 1116 τίκτουσα
566 1064 716 1127 ποίαν
746 1063 877 1128 τάμὰ
909 1063 1090 1114 πιαίνει
1119 1060 1267 1128 βοτά.

299 1148 406 1215 ἁγὼ
436 1147 592 1200 οὕτινι
620 1147 720 1198 θύω
751 1146 886 1211 πλὴν
916 1148 1042 1212 ε’μοί,
1076 1150 1238 1199 θεοῖσι
1267 1146 1309 1198 δ’
1342 1147 1415 1206 οὔ,

300 1231 381 1284 καὶ
409 1232 469 1303 τῇ
498 1232 729 1303 μεγίστῃ,
763 1230 946 1298 γαστρὶ
975 1232 1108 1302 τῇδε,
1140 1232 1404 1297 δαιμόνων.
1768 1248 1844 1290 335

300 1315 367 1370 ὦς
393 1315 653 1380 τούμπιεῖν
682 1336 742 1381 γε
773 1316 1057 1382 κάμφαγεῖν
1088 1315 1233 1381 τούφ’
1263 1315 1452 1382 ἡμέραν

300 1398 427 1453 Ζεὺς
456 1398 599 1452 οὗτος
629 1399 939 1466 ἀνθρώποισι
968 1403 1102 1451 τοῖσι
1133 1399 1414 1467 σώφροσιν,

297 1487 477 1536 λυπεῖν
507 1485 560 1535 δὲ
588 1485 744 1548 μηδὲν
774 1484 938 1535 αὑτόν.
996 1493 999 1500 ’
1029 1484 1075 1535 οἳ
1106 1485 1160 1535 δὲ
1189 1483 1303 1538 τοὺς
1331 1484 1512 1549 νόμους

299 1567 470 1621 ἔθεντο
500 1568 849 1620 ποικίλλοντες
879 1567 1153 1634 ἀνθρώπων
1181 1569 1317 1633 βίον,

301 1652 492 1704 κλαίειν
520 1649 707 1718 ἄνωγα·
753 1650 842 1716 τὴν
875 1647 962 1717 (δ’)
996 1651 1118 1717 ἐμὴν
1148 1651 1322 1721 ψυχὴν
1353 1653 1452 1719 ἐγὼ
1767 1670 1847 1710 340

300 1735 358 1787 οὗ
386 1735 641 1801 παύσομαι
670 1739 799 1803 δρῶν
832 1735 1234 1788 εῦ-κατεσθίων
1263 1758 1318 1789 τε
1347 1735 1424 1788 σέ.

299 1818 439 1885 ξένιά
468 1841 524 1873 τε
551 1817 697 1891 λήψῃ
727 1818 898 1879 τοιάδ’,
933 1820 998 1874 ὡς
1029 1819 1282 1886 ἄμεμπτος
1312 1819 1366 1880 ὦ,

300 1908 397 1971 πῦρ
427 1903 507 1956 καὶ
536 1908 764 1973 πατρῷον
792 1905 936 1956 τόνδε
963 1903 1161 1969 λέβητά
1189 1904 1255 1973 γ’,
1288 1903 1342 1958 ὃς
1376 1903 1522 1969 ζέσας

303 1987 400 2053 σὴν
432 1987 594 2055 σάρκα
623 1989 928 2056 διαφόρητον
958 1987 1172 2057 ἀμφέξει
1203 1994 1381 2043 καλῶς.

301 2072 419 2124 ἀλλ’
451 2071 613 2139 ἕρπετ’
645 2074 782 2132 εἵσω,
815 2077 881 2142 τῷ
915 2072 1018 2125 κατ’
1049 2073 1223 2125 αὔλιον
1253 2076 1348 2143 θεῷ
1767 2088 1845 2130 345

302 2156 365 2209 ἵν’
397 2156 527 2224 ἀμφὶ
555 2156 731 2223 βωμὸν
761 2156 971 2211 στάντες
1003 2156 1223 2226 εὐωχῆτέ
1249 2179 1325 2223 με.

180 2243 272 2293 Οδ.
304 2242 423 2300 αἰαῖ,
457 2241 640 2295 πόνους
667 2243 761 2307 μὲν
788 2241 1039 2309 Τρωικοὺς
1069 2239 1306 2306 ὑπεξέδυν

206 2317 210 2322 ’
252 2318 254 2320 V
304 2326 614 2378 θαλασσίους
643 2346 713 2384 τε,
746 2329 833 2377 νῦν
862 2325 905 2376 δ’
938 2327 989 2380 ἐς
1020 2325 1197 2393 ἀνδρὸς
1228 2326 1433 2378 ἀνοσίου

302 2409 506 2478 γνώμην
537 2407 788 2478 κατέσχον
819 2410 1057 2476 ἀλίμενόν
1086 2432 1141 2462 τε
1172 2411 1388 2477 καρδίαν.

389 2491 427 2545 ὦ
457 2493 687 2552 Παλλάς,
720 2491 758 2545 ὦ
789 2492 1033 2547 δέσποινα
1064 2497 1304 2562 Διογενὲς
1335 2492 1438 2552 θεά,
1769 2509 1848 2550 350

233 2621 315 2660 324
345 2607 453 2662 ἔχων
474 2608 725 2648 Hermann:
758 2609 840 2662 ἔχω
858 2609 892 2647 L
1103 2622 1184 2660 325
1214 2611 1239 2660 ἢ
1260 2609 1440 2662 μόσχον]
1464 2609 1529 2651 καὶ
1548 2608 1710 2662 μόσχον
1731 2609 1848 2649 Bois.

179 2664 342 2703 sonade
495 2665 578 2713 326
606 2664 650 2705 εὖ
668 2664 832 2717 τέγγων
851 2682 898 2704 τε
916 2664 1076 2704 Reiske
1095 2679 1104 2703 ε
1137 2669 1180 2706 ἐν
1200 2665 1393 2717 στέγοντι
1411 2665 1445 2703 L
1556 2677 1635 2714 327
1665 2664 1845 2716 πέπλον]

179 2719 302 2760 πέδον
323 2717 549 2769 Musgrave
726 2731 807 2769 333
835 2719 1051 2771 τίκτουσα]
1075 2718 1232 2773 φύουσα
1249 2720 1463 2769 Athenag.
1486 2719 1567 2769 leg.
1590 2732 1667 2769 pro
1688 2719 1847 2759 Christss

181 2786 220 2827 p.
259 2774 312 2812 28
522 2787 602 2825 334
647 2775 748 2825 ε’μοί,
783 2777 909 2814 θεοῖσι
949 2774 984 2814 δ’
1020 2772 1085 2825 οὔ]
1127 2776 1235 2825 ἐμοῖς
1274 2777 1389 2815 θεοῖς·
1440 2773 1525 2815 Ζδού
1557 2772 1848 2819 Wilamowitz

180 2829 263 2878 336
305 2829 515 2882 τοῦμπιεῖν
551 2846 603 2882 γε
647 2829 879 2882 κάμφαγεῖν
918 2828 1111 2868 Reiske:
1158 2831 1231 2869 τοῦ
1274 2831 1381 2870 πιεῖν
1423 2845 1477 2881 γε
1521 2829 1587 2869 καὶ
1626 2832 1775 2882 φαγεῖν
1814 2829 1849 2867 L

180 2883 262 2932 338
298 2886 442 2924 λυπεῖν
461 2883 479 2922 l
492 2897 502 2922 ε
531 2886 667 2924 λιπεῖν
688 2883 722 2922 L
902 2895 984 2932 340
1013 2881 1046 2924 δ’
1068 2883 1165 2923 add.
1188 2882 1352 2922 Barnes
1531 2895 1612 2933 342
1643 2884 1849 2934 ἄμεμπτος

182 2935 369 2977 Aldina:
408 2938 586 2988 ἅμεπτος
620 2938 655 2976 L
848 2950 930 2987 344
970 2937 1215 2991 διαφόρητον
1256 2937 1475 2986 Scaliger:
1519 2937 1775 2990 δυσφόρητον
1814 2938 1848 2976 L

180 2992 266 3044 346
293 2993 431 3044 βωμὸν
451 2991 508 3032 Η.
535 2992 782 3045 Stephanus
804 3006 813 3031 :
843 2997 976 3044 κῶμον
998 2992 1032 3030 L
1197 3004 1280 3042 349
1307 2991 1494 3045 γνώμην]
1517 2992 1628 3044 ὠμὴν
1649 2991 1811 3032 Reiske
