2118 3366
963 139 1223 187 EKABH

393 274 764 336 λεηλατοῦντες,
798 269 1021 336 γείτοσιν
1050 266 1093 318 δ’
1124 269 1197 331 ε’ίη
1231 265 1381 319 κακὸν

392 356 594 422 Τρώων,
629 356 683 405 ἐν
712 351 839 423 ᾧπερ
869 356 971 409 νῦν,
1003 348 1144 414 ἄναξ,
1177 349 1466 414 ἐκάμνομεν.

393 437 588 503 Ἑκάβη
617 440 672 488 δὲ
700 434 873 488 παιδὸς
899 438 1091 502 γνοῦσα
1120 432 1399 498 θανάσιμον
1427 432 1582 498 μόρον
1827 447 1933 487 1145

393 521 531 590 λόγῳ
561 541 623 586 με
652 517 814 588 τοιῷδ’
845 517 1009 585 ἤγαγ’,
1044 517 1108 570 ὡς
1139 515 1471 583 κεκρυμμένας

396 603 549 668 θήκας
580 602 850 671 φράσουσα
881 604 1170 668 Πριαμιδῶν
1201 601 1254 652 ἐν
1286 599 1423 668 Ἰλίῳ

395 691 602 756 χρυσοῦ·
646 687 800 751 μόνον
830 688 884 737 δὲ
915 684 1009 737 σὺν
1037 683 1263 736 τέκνοισί
1286 682 1337 748 μ’
1368 680 1564 749 εἰσάγει

396 771 590 836 δόμους,
622 769 686 822 ἵν’
714 769 871 823 ἄλλος
899 767 966 834 μή
996 789 1070 822 τις
1101 769 1250 832 εἰδείη
1281 765 1414 818 τάδε.

397 855 482 919 ἵζω
512 857 566 906 δὲ
598 854 768 918 κλίνης
799 855 853 905 ἐν
881 851 1020 922 μέσῳ
1054 850 1256 918 κάμψας
1286 851 1424 918 γόνυ·
1833 861 1937 901 1150

396 938 584 991 πολλαὶ
614 941 666 990 δὲ
694 941 874 1006 χεῖρες,
907 936 958 987 αἲ
985 938 1077 1001 μὲν
1108 931 1167 998 ἐξ
1193 935 1472 1002 ἀριστερᾶς,

398 1022 448 1074 αἲ
478 1021 520 1074 δ’
552 1021 710 1081 ἔνθεν,
745 1021 809 1074 ὡς
839 1019 897 1084 δὴ
928 1021 1062 1086 παρὰ
1091 1020 1244 1087 φίλῳ,
1276 1018 1464 1084 Τρώων
1496 1017 1636 1083 κόραι

398 1105 574 1158 θάκους
605 1105 830 1173 ἔχουσαι,
865 1102 1040 1171 κερκίδ’
1071 1102 1301 1167 Ἢδωνῆς
1330 1100 1479 1168 χερὸς

397 1188 563 1261 ᾔνουν,
594 1188 676 1241 ὑπ’
706 1188 860 1255 αὐγᾶς
889 1187 1072 1238 τούσδε
1099 1185 1416 1238 λεύσσουσαι
1447 1183 1683 1237 πέπλους·

399 1272 552 1324 ἄλλαι
581 1275 634 1324 δὲ
666 1271 858 1337 κάμακα
889 1272 1114 1343 Θρῃκίαν
1144 1270 1387 1334 θεώμεναι
1835 1281 1937 1320 1155

398 1357 584 1424 γυμνόν
611 1355 661 1421 μ’
691 1355 869 1419 ἔθηκαν
901 1354 1137 1422 διπτύχου
1168 1355 1524 1418 στολίσματος.

399 1441 515 1491 ὅσαι
544 1442 597 1491 δὲ
626 1438 829 1493 τοκάδες
859 1437 1006 1502 ἦσαν,
1040 1437 1437 1504 ἐκπαγλούμεναι

400 1522 530 1576 τέκν’
561 1525 615 1575 ἐν
643 1527 810 1591 χεροῖν
841 1523 1080 1580 ἔπαλλον,
1114 1521 1178 1575 ὣς
1209 1522 1382 1587 πρόσω
1414 1519 1598 1586 πατρὸς

404 1607 643 1675 γένοιντο,
677 1610 930 1674 διαδοχαῖς
960 1606 1263 1671 ἆμείβουσαι
1292 1609 1473 1672 χερῶν·

404 1691 509 1762 κᾷτ’
542 1694 594 1744 ἐκ
623 1695 1034 1758 γαληνῶν-πῶς
1065 1684 1771 1755 δοκεῖς;-προσφθεγμάτων
1836 1689 1941 1731 1160

403 1776 546 1830 εὐθὺς
572 1779 828 1838 λαβοῦσαι
859 1772 1081 1840 φάσγαν’
1113 1775 1166 1824 ἐκ
1196 1772 1403 1824 πέπλων
1433 1773 1586 1823 ποθὲν

403 1863 632 1912 κεντοῦσι
662 1861 854 1917 παῖδας,
887 1858 937 1909 αἳ
967 1859 1019 1909 δὲ
1050 1857 1303 1922 πολεμίων
1334 1858 1471 1920 δίκην

401 1942 784 2011 ξυναρπάσασαι
811 1943 898 1994 τὰς
928 1943 1047 2006 ἐμὰς
1078 1940 1216 2009 εἶχον
1246 1938 1398 2007 χέρας

406 2028 486 2080 καὶ
517 2033 666 2079 κῶλα·
716 2027 862 2079 παισὶ
892 2025 933 2077 δ’
964 2024 1173 2091 ἀρκέσαι
1202 2025 1399 2096 χρῄζων
1430 2024 1584 2088 ἐμοῖς,

405 2114 448 2164 εἰ
477 2114 567 2177 μὲν
597 2112 868 2178 πρόσωπον
900 2108 1218 2174 ἐξανισταίην
1248 2109 1383 2173 ἐμόν,
1840 2107 1942 2158 1165

405 2196 557 2262 κόμης
588 2199 835 2263 κατεῖχον,
869 2196 913 2246 εἰ
942 2196 995 2245 δὲ
1027 2193 1213 2257 κινοίην
1243 2191 1411 2260 χέρας,

404 2278 586 2344 πλήθει
614 2283 859 2346 γυναικῶν
889 2277 1033 2329 οὐδὲν
1061 2276 1211 2342 ἤνυον
1239 2275 1413 2329 τάλας.

405 2363 464 2416 τὸ
492 2365 724 2416 λοίσθιον
754 2362 823 2422 δέ,
856 2365 995 2427 πῆμα
1025 2360 1248 2427 πήματος
1278 2359 1452 2418 πλέον,

407 2446 761 2515 ἐξειργάσαντο
791 2445 926 2498 δείν’·
971 2447 1101 2511 ἐμῶν
1131 2446 1226 2511 γὰρ
1257 2442 1507 2510 ὀμμάτων,

406 2532 601 2600 πόρπας
630 2535 900 2596 λαβοῦσαι,
932 2532 1020 2582 τὰς
1049 2527 1394 2595 ταλαιπώρους
1427 2527 1572 2592 κόρας
1842 2535 1947 2578 1170

343 2650 447 2700 1146
491 2665 558 2702 γρ.
601 2646 708 2688 δόλω
749 2645 800 2685 B²
1043 2657 1139 2695 1151
1191 2645 1328 2697 χειρὸς
1362 2642 1516 2681 Milton
1554 2642 1708 2694 (χεῖρες
1736 2639 1862 2677 etiam
1897 2639 1946 2686 Σ)

290 2715 406 2754 1153,
462 2714 564 2752 1154
622 2701 781 2742 ’θάκουν
819 2730 828 2740 .
866 2731 876 2741 .
912 2730 922 2740 .
965 2698 1086 2754 ᾔνουν
1125 2700 1158 2739 θ’
1198 2698 1318 2737 codd.
1364 2703 1407 2735 et
1453 2701 1514 2739 2:
1575 2706 1683 2733 corr.
1725 2692 1947 2731 Hermann

291 2769 393 2807 1155
422 2757 575 2808 κάμακε
595 2756 739 2810 θρῃκίω
758 2754 874 2794 Weil
897 2754 1173 2803 (singularem
1195 2754 1248 2802 Σ)
1397 2751 1501 2800 1156
1528 2765 1595 2802 γρ.
1619 2747 1899 2799 στοχίσματος
1918 2752 1950 2789 Σ

289 2812 440 2863 (voluit
473 2810 779 2863 στοχάσματος,
811 2822 908 2848 nam
943 2808 1045 2847 dicit
1083 2809 1196 2846 idem
1235 2807 1279 2845 in
1314 2805 1484 2852 Bacch„
1520 2816 1578 2842 se.
1613 2815 1650 2842 v.
1695 2813 1810 2850 1205.
1844 2801 1948 2849 legi)

292 2878 395 2917 1159
415 2869 622 2917 διαδοχαῖς
641 2864 681 2902 Μ
696 2864 780 2903 ΑΒ
793 2863 826 2901 L
844 2878 854 2903 z
883 2865 1138 2914 διαδοχαῖσιν
1150 2860 1246 2900 V²P
1260 2860 1277 2898 l
1292 2860 1466 2910 <·αῖσσιν
1479 2858 1536 2910 V)
1650 2860 1783 2909 χερῶν
1802 2855 1925 2894 PFO
1941 2869 1951 2892 ε

287 2938 352 2975 γρ.
388 2920 626 2971 ἂμείβουσαι
656 2921 794 2971 χεροῖν
822 2917 935 2960 23:
967 2918 1031 2957 διὰ
1060 2915 1180 2969 χερός
1211 2913 1460 2953 MABVL
1695 2912 1796 2948 1162
1826 2918 1953 2949 πολυ-

290 2975 424 3016 πόδων
453 2974 568 3022 δίκην
595 2972 763 3012 Verrall
947 2973 1049 3019 1163
1087 2969 1161 3011 τάς
1188 2970 1229 3020 ’γ’
1249 2968 1290 3007 Α
1478 2966 1581 3015 1165
1622 2967 1887 3016 ἐξανασταὶην
1918 2962 1952 3004 L

297 3030 399 3068 1166
428 3028 610 3080 κόμηνΑ
780 3029 880 3076 1167
910 3027 1058 3074 ἤνυτον
1079 3024 1244 3063 Porson
