2118 3366
738 121 1231 172 ΗΡΑΚΛΕΙΔΑΙ

357 248 465 301 ἰτέα
495 249 812 318 κατάχαλκός
841 246 1038 318 [ἐστιν.]

439 333 554 385 ἀλλ’
584 333 655 393 οὗ,
686 333 924 399 πολέμων
955 335 1186 401 ἐραστάς,

397 460 401 461 ⁷
435 416 503 482 μή
531 439 616 483 μοι
646 418 752 486 δορὶ
783 417 1109 485 συνταράξεις

437 502 528 553 τὰν
560 502 612 553 εὖ
641 504 862 570 χαρίτων
893 502 1116 570 ἔχουσαν

520 586 686 644 πόλιν,
721 585 838 637 ἀλλ’
869 585 1113 654 ἀνάσχου.
1743 598 1822 649 380

144 711 212 759 Io.
267 705 305 759 ὦ
336 713 441 768 παῖ,
474 711 525 761 τί
549 731 632 776 μοι
664 710 904 763 σύννοιαν
935 713 1156 777 ὄμμασιν
1188 711 1357 778 φέρων

268 791 426 856 ἥκεις;
475 793 589 845 νέον
617 816 664 846 τι
694 795 948 860 πολεμίων
978 795 1142 860 λέξεις
1173 795 1310 862 πέρι;

267 875 545 941 μέλλουσιν
575 873 605 941 ἢ
636 877 870 944 πάρεισιν
899 875 930 943 ἢ
961 881 1015 931 τί
1039 878 1288 951 πυνθάνῃ,·

268 959 326 1009 οὐ
355 959 449 1026 γάρ
480 982 527 1012 τι
557 961 623 1026 μὴ
654 962 855 1034 ψεύσῃς
886 985 946 1029 γε
978 961 1180 1030 κήρυκος
1212 965 1411 1030 λόγους·

269 1043 296 1092 ὁ
325 1038 420 1110 γὰρ
452 1045 730 1112 στρατηγὸς
763 1045 972 1114 εὐτυχὴς
1001 1049 1063 1097 τὰ
1094 1046 1216 1114 πρὸς
1248 1051 1371 1098 θεῶν
1741 1058 1817 1106 385

270 1125 416 1185 ε’ἶσιν,
451 1127 578 1195 σάφ’
611 1124 736 1189 οἶδα,
771 1131 851 1182 καὶ
881 1129 1000 1194 μάλ’
1033 1130 1090 1181 οὗ
1121 1130 1330 1197 σμικρὸν
1362 1136 1578 1202 φρονῶν,

270 1211 321 1264 ἐς
349 1212 437 1264 τᾶς
465 1210 694 1276 Ἀθήνας.
785 1215 919 1264 ἀλλὰ
949 1219 1046 1265 τῶν
1079 1214 1413 1281 φρονημάτων

268 1294 295 1343 ὁ
325 1294 450 1348 Ζεὺς
481 1296 731 1361 κολαστὴς
761 1302 860 1349 τῶν
890 1297 1019 1364 ἄγαν
1048 1299 1390 1365 ὑπερφρόνων.

145 1381 239 1442 Δη.
264 1377 373 1441 ἥκει
404 1379 669 1446 στράτευμ’
701 1380 931 1448 Ἀργεῖον
965 1382 1249 1448 Εὐρυσθεύς
1277 1382 1320 1432 τ’
1353 1383 1493 1448 ἄναξ·

268 1462 367 1529 ἐγώ
399 1484 476 1515 νιν
507 1463 654 1518 αὐτὸς
685 1464 834 1517 εἶδον.
923 1465 1076 1531 ἄνδρα
1106 1467 1200 1532 γὰρ
1230 1467 1410 1533 χρεών,
1736 1485 1816 1525 390

268 1547 410 1600 ὅστις
441 1553 741 1616 στρατηγεῖν
773 1549 898 1616 φησ’
930 1549 1235 1601 ἐπίστασθαι
1268 1555 1446 1609 καλῶς,

269 1629 356 1682 οὐκ
386 1631 654 1699 ἀγγέλοισι
685 1633 799 1686 τοὺς
832 1635 1082 1686 ἐναντίους
1113 1635 1247 1699 ὁρᾶν.

269 1715 414 1766 πεδία
442 1719 534 1780 μὲν
565 1717 650 1767 οὗν
680 1719 773 1783 γῆς
804 1719 854 1769 ἐς
885 1716 991 1768 τάδ’
1025 1717 1112 1768 οὐκ
1145 1716 1301 1784 ἐφῆκέ
1331 1739 1407 1769 πω

270 1800 503 1865 στρατόν,
535 1802 751 1852 λεπαίαν
783 1800 824 1852 δ’
858 1801 1049 1868 ὀφρύην
1083 1799 1356 1865 καθήμενος

270 1884 728 1949 σκοπεῖ-δόκησιν
759 1884 817 1948 δὴ
849 1884 949 1936 τόδ’
980 1884 1041 1935 ἂν
1071 1884 1274 1951 λέγοιμί
1302 1907 1460 1936 σοι-
1738 1904 1815 1943 395

270 1960 425 2036 †7r0[q
455 1967 696 2035 προσάξει
729 1969 1068 2035 στρατόπεδον
1097 1970 1159 2019 τὰ
1190 1973 1275 2020 νῦν
1306 1969 1449 2035 δορὸς

268 2052 322 2102 ἐν
352 2052 583 2119 ἀσφαλεῖ
609 2074 664 2104 τε
692 2053 834 2117 τῆσδ’
870 2052 1120 2119 ἱδρύσεται
1148 2047 1383 2121 χθονόςῘΓ

190 2140 192 2143 ’
273 2136 350 2187 καὶ
381 2137 511 2201 τάμὰ
540 2136 712 2201 μέντοι
742 2135 886 2188 πάντ’
916 2136 1055 2203 ἄραρ’
1086 2135 1176 2201 ἤδη
1212 2142 1388 2190 καλῶς·

269 2220 417 2273 πόλις
446 2220 488 2271 τ’
520 2222 574 2272 ἐν
606 2222 798 2279 ὅπλοις,
834 2219 1032 2287 σφάγιά
1064 2220 1106 2271 θ’
1136 2220 1480 2286 ἡτοιμασμένα

271 2302 482 2369 ἕστηκεν
514 2305 587 2358 οἷς
616 2305 714 2373 χρὴ
745 2309 896 2356 ταῦτα
926 2304 1197 2370 τέμνεσθαι
1226 2308 1369 2364 θεῶν,
1733 2323 1816 2362 400

200 2432 280 2471 377
324 2422 420 2463 ἀλλ’
460 2421 489 2463 ὦ
530 2423 691 2462 Canter
823 2422 976 2475 ἐραστά
1011 2422 1240 2473 Musgrave
1443 2422 1524 2471 378
1569 2422 1815 2476 συνταράξῃς

148 2474 312 2515 Barnes
494 2489 576 2529 379
615 2477 659 2518 εὖ
681 2477 863 2531 χαρίτων
887 2477 1110 2527 Elmsley:
1150 2477 1402 2531 εὐχαρίστως
1435 2476 1516 2515 LP
1545 2476 1814 2529 (εὐχαρίστων

147 2528 318 2581 Aldina)
567 2532 648 2581 382
690 2533 819 2584 λέξεις
862 2531 1093 2571 Kirchhoff
1105 2546 1114 2570 z
1165 2534 1304 2585 λέγεις
1345 2531 1445 2570 LP'
1470 2531 1600 2583 (ἔχεις
1646 2530 1813 2582 Nauck)

147 2585 226 2634 384
273 2585 426 2640 ψεύσῃς
460 2586 637 2637 Scripsi:
681 2587 811 2639 ψεύση
847 2586 929 2625 LP
1069 2586 1199 2641 ψεύσῃ
1236 2603 1284 2628 σε
1319 2617 1328 2626 .
1369 2616 1378 2625 .
1416 2616 1425 2625 .
1466 2586 1591 2638 λόγος
1626 2584 1816 2635 Elmsley

147 2639 226 2689 385
264 2641 318 2681 τὰ
345 2640 520 2695 πρόσθεν
548 2643 603 2682 ὢν
631 2640 844 2692 Tyrwhitt
1063 2642 1146 2691 386
1185 2642 1289 2682 εἶσιν
1320 2639 1542 2690 Elmsley:
1584 2640 1699 2681 ἐστίν
1730 2641 1764 2679 L
1781 2641 1814 2679 P

147 2695 227 2743 387
255 2694 374 2736 τάσδ’
398 2695 607 2746 Hartung.
671 2696 758 2735 Sed
780 2696 830 2735 cf.
857 2697 925 2746 69,
949 2697 1031 2745 839
1153 2697 1261 2737 ἀλλὰ
1282 2696 1383 2748 τῶν]
1406 2697 1586 2734 fortasse
1608 2695 1705 2735 ἀλλ’
1724 2698 1810 2735 ἴτω.

148 2748 211 2788 Cf.
233 2749 352 2799 Cycl.
377 2751 460 2789 616
637 2752 719 2801 388
749 2750 982 2804 ὑπερκόπων
1003 2750 1246 2790 Schroeder
1413 2762 1495 2800 393
1524 2749 1611 2791 τάδ’
1635 2749 1812 2799 Stepha-

149 2815 254 2844 nus:
292 2803 377 2845 τόδ’
409 2804 492 2844 LP
711 2818 792 2856 394
831 2805 1006 2846 λεπαίαν
1037 2805 1275 2844 Stiblinus:
1319 2805 1515 2858 λεπάραν,
1552 2817 1647 2843 curn
1687 2804 1813 2854 gloss.

149 2857 275 2910 ὄνομα
292 2858 420 2899 τόπου
442 2859 522 2899 LP
675 2871 756 2911 395
787 2863 955 2901 σκοπεῖν
974 2860 1007 2898 Ρ
1163 2861 1244 2910 396
1272 2858 1405 2913 τέχνῃ
1427 2861 1539 2913 δορὸς
1558 2858 1814 2898 Wecklein:

149 2913 187 2953 ·r’
205 2914 299 2954 ἄνευ
318 2914 431 2967 δορὸς
451 2914 679 2965 Musgrave
844 2927 924 2964 397
955 2914 1023 2966 τε]
1045 2930 1100 2964 πη
1117 2912 1297 2965 Verrall,
1322 2914 1530 2967 προ-σάξει
1554 2914 1815 2965 ‘praemuni-

151 2967 277 3007 tione'
299 2969 482 3008 reddens
503 2969 552 3009 cl.
579 2970 681 3010 Hdt.
708 2970 733 3010 i.
760 2983 848 3020 190,
871 2969 959 3008 viii.
979 2981 1034 3007 20
1200 2970 1281 3018 398
1309 2968 1448 3019 μέντοι
1472 2969 1533 3007 L:
1562 2967 1638 3019 μὲν
1659 2967 1693 3007 Ρ
