2118 3366
768 162 1270 213 ΑΝΔΡΟΜΑΧΗ

315 290 545 357 γυναικὸς
575 291 733 360 ἔσχον
760 291 828 357 μὴ
860 297 1069 352 κτανεῖν,
1105 295 1443 361 ἐσωφρόνουν.
1485 327 1491 331 -

316 374 417 428 οὐδ’
448 374 510 427 ἂν
541 378 603 428 σὲ
633 380 813 427 Φῶκον
841 375 1026 440 ἤθελον
1059 383 1396 430 κατακτανεῖν.

398 458 533 511 ταῦτ’
564 460 617 511 εὖ
646 464 847 527 φρονῶν
878 459 928 510 σ’
960 462 1195 525 ἐπῆλθον,
1227 461 1316 512 οὐκ
1346 462 1496 529 ὀργῆς
1525 461 1688 532 χάριν·

313 538 376 606 ἢν
405 541 448 594 δ’
478 541 734 614 ὀξυθυμῇς,
768 544 852 595 σοὶ
881 545 972 608 μὲν
1001 544 1031 609 ἡ
1063 546 1404 612 γλωσσαλγία

310 627 505 692 μείζων,
539 626 648 692 ἐμοὶ
677 629 731 679 δὲ
760 626 931 694 κέρδος
959 628 989 693 ἡ
1020 629 1282 694 προμηθία.
1777 636 1858 688 690

187 714 279 763 Χο.
310 710 609 763 παύσασθον
638 710 749 776 ἤδη·
793 716 970 781 λῷστα
998 714 1093 780 γὰρ
1123 717 1291 782 μακρῷ
1323 712 1455 766 τάδε·

310 795 480 861 λόγων
508 796 747 861 ματαίων,
781 795 847 860 μὴ
880 796 965 847 δύο
996 796 1221 863 σφαλῆθ’
1251 796 1369 861 ἅμα.

185 881 284 943 Πη.
310 880 458 943 οἴμοι,
494 878 600 930 καθ’
631 878 843 930 Ἑλλάδ’
874 879 939 933 ὡς
971 885 1131 934 κακῶς
1159 882 1424 945 νομίζεται·

311 962 431 1013 ὅταν
460 967 674 1029 τροπαῖα
703 963 956 1028 πολεμίων
986 962 1155 1035 στήσῃ
1186 966 1415 1031 στρατός,

309 1046 367 1098 οὐ
395 1051 495 1098 τῶν
526 1046 812 1098 πονούντων
842 1047 1052 1114 τοῦργον
1081 1048 1317 1114 ἡγοῦνται
1348 1049 1477 1107 τόδε,
1775 1054 1854 1110 695

311 1129 426 1180 ἀλλ’
457 1131 484 1180 ὁ
516 1130 795 1197 στρατηγὸς
825 1130 914 1194 τὴν
945 1132 1152 1196 δόκησιν
1182 1132 1398 1197 ἄρνυται,

308 1211 362 1267 ὃς
393 1215 463 1267 εἷς
491 1213 598 1279 μετ’
628 1213 802 1266 ἄλλων
830 1216 1017 1281 μυρίων
1045 1214 1257 1268 πάλλων
1287 1217 1420 1283 δόρυ,

308 1297 450 1349 οὐδὲν
481 1297 637 1349 πλέον
668 1301 795 1365 δρῶν
825 1298 935 1352 ἐνὸς
964 1299 1071 1366 ἔχει
1100 1301 1257 1351 πλείω
1286 1300 1461 1366 λόγον.

308 1382 484 1446 σεμνοὶ
515 1381 557 1433 δ’
589 1383 643 1433 ἐν
673 1383 850 1450 ἀρχαῖς
881 1383 1055 1447 ἥμενοι
1084 1386 1209 1434 κατὰ
1237 1384 1419 1436 πτόλιν

307 1470 551 1532 φρονοῦσι
582 1464 738 1530 δήμου
765 1467 949 1531 μεῖζον,
982 1469 1122 1520 ὄντες
1152 1467 1365 1521 οὐδένες·
1769 1485 1853 1525 700

305 1551 351 1600 οἱ
381 1548 423 1600 δ’
454 1550 583 1601 εἰσὶν
615 1549 773 1601 αὐτῶν
801 1552 956 1620 μυρίῳ
989 1552 1287 1618 σοφώτεροι,

306 1634 349 1684 εἷ
379 1634 540 1699 τόλμα
570 1632 903 1700 προσγένοιτο
932 1636 1185 1699 βούλησίς
1214 1636 1259 1687 θ’
1291 1635 1408 1701 ἅμα.

306 1716 372 1771 ὡς
403 1718 481 1769 καὶ
516 1717 579 1768 σὺ
611 1718 701 1771 σός
728 1717 771 1767 τ’
801 1718 1022 1785 ἀδελφὸς
1051 1718 1396 1786 ἐξωγκωμένοι

302 1802 460 1870 Τροία
490 1800 712 1866 κάθησθε
740 1802 797 1872 τῇ
830 1801 871 1853 τ’
903 1804 1008 1854 ἐκεῖ
1034 1805 1327 1873 στρατηγίᾳ,

302 1885 572 1953 μόχθοισιν
601 1884 774 1937 ἄλλων
806 1886 886 1937 καὶ
914 1887 1087 1940 πόνοις
1117 1887 1397 1954 ἐπηρμένοι.
1760 1904 1845 1946 705

301 1968 445 2034 δείξω
477 1969 519 2020 δ’
553 1970 651 2036 ἐγώ
683 1991 766 2021 σοι
795 1970 862 2036 μὴ
891 1971 980 2022 τὸν
1009 1971 1191 2023 Ἰδαῖον
1221 1972 1385 2037 Πάριν

299 2052 446 2118 ἥσσω
477 2055 692 2119 νομίζειν
723 2053 937 2118 Πηλέως
966 2056 1150 2123 ἐχθρόν
1180 2077 1318 2115 ποτε,

299 2139 343 2189 εἶ
371 2137 437 2203 μὴ
469 2139 630 2210 φθερῇ
661 2138 805 2202 τῆσδ’
836 2139 901 2192 ὡς
931 2137 1132 2207 τάχιστ’
1163 2140 1262 2192 ἀπὸ
1293 2139 1477 2207 στέγης

300 2222 380 2274 καὶ
410 2227 527 2276 παῖς
555 2220 774 2281 ἄτεκνος,
805 2221 867 2287 ἣν
897 2224 926 2273 ὅ
955 2223 1002 2290 γ’
1034 2222 1094 2288 ἐξ
1117 2223 1256 2289 ἡμῶν
1284 2225 1446 2291 γεγὼς

299 2308 392 2377 ἐλᾷ
421 2306 483 2359 δι’
514 2308 660 2358 οἴκων
690 2305 824 2371 τήνδ’
855 2306 1144 2360 ἐπισπάσας
1176 2309 1343 2373 κόμης·
1412 2353 1414 2355 .
1761 2325 1844 2366 710

295 2389 326 2455 ἢ
359 2390 565 2458 στερρὸς
595 2392 724 2443 οὖσα
752 2391 948 2458 μόσχος
977 2391 1063 2443 οὐκ
1093 2390 1320 2456 ἀνέξεται

297 2476 552 2529 τίκτοντας
583 2474 785 2535 ἄλλους,
819 2476 905 2527 οὐκ
937 2475 1108 2544 ἔχουσ’
1140 2475 1261 2541 αὐτὴ
1291 2475 1454 2528 τέκνα.

224 2594 307 2632 686
327 2596 461 2634 θανεῖν
476 2592 515 2632 Ο
531 2592 566 2632 Ρ
695 2593 777 2632 688
797 2590 912 2633 ταῦτ’
932 2592 970 2632 εἶ
988 2591 1029 2630 Μ
1046 2606 1054 2630 z
1075 2592 1192 2633 ταυτὶ
1214 2597 1260 2631 ut
1280 2592 1367 2631 vid.
1384 2592 1443 2631 M2
1570 2593 1653 2643 689
1673 2593 1841 2648 ὃξυθυμῇ

171 2647 359 2698 Blaydes
538 2649 620 2697 694
649 2647 840 2701 τρόπαιον
863 2646 1012 2685 Iulian.
1038 2646 1161 2686 Caes.
1182 2660 1224 2697 p.
1247 2659 1325 2696 331
1345 2646 1381 2686 B
1561 2649 1643 2697 698
1673 2648 1785 2700 ἔχεις
1808 2649 1842 2687 Ρ

171 2715 251 2752 700
279 2701 440 2744 οὐδενός
462 2701 504 2750 Μ
520 2702 572 2741 V²
586 2702 625 2742 O
648 2703 730 2754 (γρ.
755 2700 912 2742 οὐδένες
934 2701 996 2750 Μ)
1134 2714 1209 2751 701
1241 2702 1389 2754 μυρίων
1409 2702 1466 2741 P:
1496 2702 1625 2755 μυρίοι
1647 2702 1841 2753 Scaliger

170 2769 249 2807 702
278 2755 494 2805 βούλευσις
509 2770 547 2795 ν.
568 2756 593 2796 Ι.
615 2756 659 2795 in
675 2762 706 2800 Σ
833 2769 910 2805 707
939 2755 1061 2807 μείζω
1077 2756 1111 2794 Ρ
1127 2756 1260 2805 (ἥσσω
1277 2756 1403 2795 etiam
1420 2756 1470 2806 Σ)
1487 2769 1496 2797 :
1528 2759 1602 2797 σοῦ
1621 2786 1631 2796 .
1656 2785 1667 2796 .
1692 2786 1702 2796 .
1722 2757 1839 2805 ἥσσω

167 2810 339 2862 νομίζων
356 2810 588 2850 Kirchhoff
599 2826 609 2851 :
633 2812 682 2861 νὴ
697 2812 772 2852 τὸν
791 2810 947 2861 Ἰδαῖον,
970 2810 1093 2863 Πάριν
1107 2810 1291 2860 Verrall,
1309 2811 1361 2850 cl.
1378 2824 1416 2850 v.
1435 2812 1517 2859 603
1534 2824 1543 2851 :
1574 2811 1753 2851 fortasse
1772 2814 1838 2854 καὶ

167 2878 248 2916 pro
266 2865 323 2916 μή
345 2865 573 2915 legendum
671 2866 816 2919 ἐχθρόν
834 2883 882 2906 τε
901 2882 1002 2906 ποτε
1033 2865 1075 2903 Μ
1191 2878 1271 2917 709
1299 2866 1348 2914 ἢν
1369 2866 1390 2905 ὅ
1408 2866 1451 2917 γ’
1475 2865 1606 2906 LudV.
1626 2866 1816 2906 Dindorf
1827 2881 1836 2906 ε

167 2920 219 2969 ἢν
245 2918 303 2962 ὅδ’
325 2921 446 2960 codd.
475 2920 547 2969 (σὴ
568 2921 627 2962 ὅδ’
647 2921 702 2970 V)
728 2920 772 2972 (ἦ
794 2937 854 2962 νιν
875 2922 943 2971 οὕξ
963 2919 1237 2973 Heimsoeth)
1356 2933 1436 2969 710
1474 2921 1593 2968 τῆσδ’
1625 2921 1688 2960 P:
1716 2922 1836 2962 τῶνδ’

169 2974 411 3025 Musgrave.
470 2975 558 3014 Sed
580 2974 630 3014 cs.
656 2977 739 3025 650
878 2987 953 3024 711
987 2975 1153 3028 στερρὸς
1174 2974 1216 3013 Μ
1236 2975 1270 3014 Β
1287 2974 1326 3014 Ο
1345 2987 1354 3013 :
1385 2978 1542 3028 στεῖρος
1563 2975 1653 3015 rell.
1680 2975 1832 3025 (gloss.

168 3029 340 3070 ἀττικῶς
358 3028 418 3079 V)
760 3066 762 3069 ,

276 3095 381 3123 mm.
407 3096 436 3124 1.
1615 3086 1664 3126 18
