2118 3366
821 237 1437 307 AAKHETIQ

429 628 792 678 ΎΠΟΘΕΣΙΣ
850 628 1308 678 ΑΛΚΗΣΤΙΔΟΣ
1369 617 1838 696 [ΔΙΚΑΙΑΡΧΟΤ]

359 765 588 809 Ἀπόλλων
623 762 817 821 ᾐτήσατο
853 766 971 821 παρὰ
1008 769 1092 810 τῶν
1124 769 1299 822 Μοιρῶν
1330 763 1444 810 ὅπως
1475 767 1499 808 ὁ
1521 762 1742 823 Ἀδμητος
1772 768 1974 812 τελευτᾶν

299 836 473 895 μέλλων
503 837 708 894 παράσχῃ
740 837 814 881 τὸν
845 837 950 895 ὑπὲρ
982 837 1135 881 ἑαυτοῦ
1165 838 1315 880 ἑκόντα
1345 836 1664 894 τεθνηξόμενον,
1690 836 1758 883 ἵνα
1787 836 1887 884 ἴσον
1916 839 1974 900 τῷ

299 908 491 968 προτέρῳ
532 911 690 967 χρόνον
732 910 853 966 ζήσῃ.
930 909 997 954 καὶ
1041 909 1091 966 δὴ
1123 906 1380 966 ''Akme-nc,
1418 908 1442 965 ἡ
1479 911 1585 968 γυνὴ
1625 914 1703 955 τοῦ
1741 910 1970 970 Ἀδμήτου,

248 1000 270 1039 5
294 984 505 1028 ἐπέδωκεν
526 981 690 1043 ἑαυτήν,
715 982 941 1041 οὐδετέρου
967 987 1051 1028 τῶν
1078 985 1238 1041 γονέων
1262 982 1551 1040 ἐθελήσαντος
1582 984 1688 1043 ὑπὲρ
1716 988 1793 1030 τοῦ
1820 986 1974 1033 παιδὸς

294 1056 535 1102 ἀποθανεῖν.
596 1055 685 1114 μετ’
699 1056 755 1101 ὀὐ
776 1056 890 1101 πολὺ
915 1057 961 1101 δέ
983 1055 1137 1114 ταύτης
1161 1059 1235 1113 τῆς
1255 1058 1487 1115 συμφορᾶς
1507 1059 1734 1115 γενομένης
1756 1057 1974 1118 (Ηρακλῆς

293 1131 636 1188 παραγενόμενος
659 1130 725 1173 καὶ
745 1130 891 1188 μαθὼν
906 1131 1021 1189 παρά
1038 1148 1155 1176 τινος
1172 1129 1432 1188 θεράποντος
1453 1131 1506 1175 τὰ
1527 1133 1623 1189 περὶ
1645 1131 1721 1188 τὴν
1731 1129 1974 1189 ’Ἄλκηστιν

294 1201 501 1261 ἐπορεύθη
516 1202 588 1247 ἐπὶ
605 1204 679 1247 τὸν
694 1203 836 1259 τάφον
854 1203 920 1247 καὶ
937 1204 1128 1247 Θάνατον
1142 1203 1381 1259 ἀποστῆναι
1397 1201 1581 1259 ποιήσας
1597 1204 1748 1260 ἐσθῆτι
1767 1205 1972 1251 καλύπτει

293 1275 370 1332 τὴν
389 1278 576 1334 γυναῖκα,
601 1275 676 1321 τὸν
698 1276 744 1319 δὲ
757 1274 976 1333 *Αδμητον
995 1273 1118 1333 ἠξίου
1144 1277 1338 1332 λαβόντα
1367 1276 1497 1333 αὐτὴν
1534 1279 1687 1334 τηρεῖν.
1751 1278 1973 1336 εἰληφέναι

223 1364 271 1392 10
294 1350 377 1407 γὰρ
400 1349 528 1406 αὐτὴν
548 1350 687 1406 πάλης
712 1347 847 1394 ἆθλον
875 1350 1012 1408 ἔλεγε.
1074 1350 1131 1407 μὴ
1161 1349 1432 1406 βουλομένου
1464 1349 1509 1393 δέ
1540 1348 1702 1394 ἐκείνου
1734 1350 1896 1407 ἔδειξεν
1923 1349 1973 1408 ἦν

295 1422 476 1468 ἐπένθει.

996 1583 1271 1657 [ΑΛΛΩΣ]

343 1723 598 1782 '‘Anima-nc,
631 1724 655 1782 ἡ
687 1726 851 1770 Πελίου
889 1725 1092 1784 θυγάτηρ,
1126 1725 1390 1782 ὑπομείνασα
1428 1725 1534 1784 ὑπὲρ
1571 1727 1649 1770 τοῦ
1681 1726 1788 1771 ἰδίου
1819 1726 1972 1783 ἀνδρὸς

293 1800 564 1855 τελευτῆσαι,
598 1796 865 1857 Ἡρακλέους
901 1798 1243 1855 ἐπιδημήσαντος
1280 1797 1326 1842 ἐν
1364 1800 1416 1854 τῇ
1450 1799 1662 1856 Θετταλίᾳ
1702 1798 1970 1859 διασῴζεται,

220 1888 267 1929 15
293 1872 558 1929 βιασαμένου
595 1870 694 1917 τοὺς
727 1871 924 1930 χθονίους
954 1871 1078 1916 θεοὺς
1108 1871 1176 1915 καὶ
1208 1869 1481 1928 ἀφελομένου
1513 1871 1588 1927 τὴν
1619 1874 1809 1931 γυναῖκα.
1870 1872 1970 1931 παρ’

294 1945 504 2003 οὐδετέρῳ
537 1947 667 1988 κεῖται
699 1943 723 1999 ἡ
755 1943 996 2001 μυθοποιία.
1058 1944 1107 1988 τὸ
1142 1943 1281 2002 δρᾶμα
1314 1944 1490 2002 ἐποιήθη
1527 1943 1599 1998 ιζ’.
1664 1944 1870 2003 ἐδιδάχθη
1902 1946 1971 1992 ἐπὶ

352 2082 371 2108 1
414 2069 662 2123 Δικαιάρχου
693 2069 751 2110 L:
792 2082 873 2109 om.
904 2069 1040 2108 VBP
1227 2068 1543 2120 Argumentum
1574 2070 1692 2120 prius
1723 2076 1766 2109 et
1795 2070 1971 2109 alterius

294 2124 461 2164 initium
490 2137 627 2175 usque
659 2124 713 2163 ad
744 2125 954 2175 μυθοποιία
987 2129 1103 2164 extat
1133 2124 1176 2163 in
1209 2125 1396 2164 Scholiis
1429 2124 1533 2164 Plat.
1566 2125 1743 2164 Conviv.
1776 2138 1814 2174 p.
1854 2125 1970 2175 179b

294 2180 451 2232 [usque
474 2180 527 2218 ad
554 2178 806 2232 ἀφελομένου
832 2180 910 2229 τὴν
928 2183 1102 2231 γυναῖκα
1129 2180 1256 2219 etiam
1283 2180 1327 2218 in
1351 2179 1760 2219 Pseudo-Eudociae
1782 2179 1970 2219 Violario

293 2248 332 2285 p.
353 2234 439 2285 21.]
499 2234 787 2274 Consentiunt
805 2234 996 2273 Eudocia
1017 2240 1060 2273 et
1082 2235 1225 2274 Schol.
1243 2234 1348 2275 Plat.
1375 2248 1470 2274 curn
1486 2234 1536 2286 V,
1558 2248 1645 2274 uno
1666 2235 1760 2274 loco
1784 2241 1969 2285 excepto

295 2291 381 2342 (vv.
401 2291 440 2334 6,
463 2290 505 2338 7)
672 2301 697 2339 3
727 2290 801 2330 τὸν
821 2288 918 2343 ὑπὲρ
941 2291 1084 2330 ἑαυτοῦ
1106 2289 1253 2331 ἑκόντα
1271 2289 1311 2328 V
1325 2289 1360 2327 B
1379 2303 1389 2329 ε
1418 2290 1510 2330 τινὰ
1529 2291 1604 2331 τὸν
1623 2288 1721 2343 ὑπὲρ
1742 2291 1864 2331 αὐτοῦ
1886 2289 1920 2328 L
1935 2288 1970 2328 P

293 2357 319 2393 4
348 2347 421 2385 τοῦ
440 2343 643 2395 Ἀδμήτου
664 2357 746 2383 om.
769 2344 803 2382 L
818 2344 853 2383 P
1059 2356 1084 2393 5
1113 2343 1336 2398 μηδετέρου
1358 2343 1391 2383 L
1407 2344 1441 2383 P
1651 2345 1689 2394 6,
1713 2356 1735 2393 7
1767 2346 1969 2397 Ἡρακλῆς

292 2398 619 2452 παραγενόμενος
648 2398 778 2437 LPB
809 2398 953 2438 Schol.
986 2398 1089 2438 Plat.
1121 2405 1165 2438 et
1195 2399 1413 2439 Eudocia:
1448 2413 1527 2440 om.
1560 2399 1613 2448 V,
1644 2399 1715 2450 qui
1743 2412 1845 2438 mox
1871 2405 1969 2449 post

286 2453 701 2548 ἌλκησῗνΡίηεετίῒ
737 2456 920 2507 ἐντυχὼν
955 2457 976 2495 ὁ
1011 2454 1193 2508 ἡρακλῆς
1408 2467 1458 2495 10
1499 2454 1665 2507 ἔδειξεν]
1708 2453 1970 2508 ἀποκαλύψας

294 2508 444 2561 ἔδειξεν

353 2616 401 2642 12
432 2605 569 2647 ἄλλως
591 2604 735 2646 Schol.
762 2605 866 2645 Plat.
891 2619 900 2644 :
931 2617 1011 2644 om.
1035 2606 1158 2647 codd.
1182 2610 1224 2644 et
1245 2604 1447 2646 Eudocia.
1504 2604 1822 2659 Ἀριστοφάνους
1840 2621 1967 2658 γραμ-

292 2662 463 2709 ματικοῦ
484 2659 670 2701 ὑπόθεσις
690 2660 990 2710 suprascripsit
1003 2659 1329 2708 Wuestemann,
1354 2660 1516 2700 collatis
1536 2660 1713 2700 aliarum
1733 2659 1968 2700 fabularum

294 2714 555 2763 argumentis
572 2728 583 2764 3
623 2728 660 2755 e.
671 2728 709 2765 g.
736 2715 850 2755 Med.
870 2715 943 2755 Or.
970 2714 1136 2755 Phoen.
1270 2715 1516 2755 Secundum
1536 2721 1833 2765 argumentum
1853 2728 1909 2754 ex
1928 2713 1968 2754 V

295 2769 535 2819 descripsi:
574 2775 707 2809 toturn
729 2783 811 2809 om.
837 2770 895 2817 L;
933 2782 1093 2820 paucas
1117 2783 1252 2820 nugas
1279 2771 1407 2810 habet
1430 2770 1486 2809 P:
1526 2769 1561 2808 B
1588 2770 1716 2809 habet
1738 2769 1969 2819 ’Ἄλκηστις

296 2852 306 2863 .
331 2853 342 2864 .
368 2853 378 2863 .
400 2827 575 2876 γυναῖκα
604 2830 647 2864 et
676 2825 702 2874 ἡ
731 2824 807 2875 μὲν
837 2825 969 2874 σκηνὴ
988 2854 998 2864 .
1023 2855 1034 2865 .
1057 2856 1067 2866 .
1092 2824 1327 2879 προλογίζει
1357 2828 1378 2866 ὁ
1408 2823 1624 2866 Ἀπόλλων
1655 2824 1753 2878 (sic)
1774 2837 1786 2874 ;
1823 2829 1968 2871 cetera

296 2878 451 2918 omisit.
512 2879 776 2918 Hauniensis
795 2884 931 2918 totum
951 2879 1080 2920 habet
1103 2880 1186 2919 nisi
1205 2893 1242 2922 v.
1271 2882 1321 2920 16
1339 2881 1388 2922 τὸ
1409 2883 1538 2934 δρᾶμα
1556 2909 1567 2921 .
1590 2909 1601 2920 .
1626 2909 1636 2919 .
1662 2879 1963 2934 καταστροφήν,

295 2934 345 2980 τὸ
366 2936 494 2987 δρᾶμα
515 2963 524 2974 .
547 2961 558 2974 .
580 2963 590 2973 .
615 2933 666 2985 ιζ’
685 2946 772 2987 non
793 2933 1058 2989 intellegitur
1479 2933 1483 2936 ’
1951 2932 1953 2936 ’
