2118 3366
902 128 1342 180 ΕΥΡΙΠΙΔΟΥ

284 259 375 308 Εκ.
408 254 576 320 πολλή
606 255 654 324 γ’
684 254 874 324 ἀνάγκη
908 258 1113 324 θυγατρὶ
1145 261 1410 311 συνθανεῖν
1441 257 1544 324 ἐμέ.

282 342 374 393 Οδ.
407 343 535 399 πῶς;
582 340 639 391 οὐ
669 341 765 407 γὰρ
795 339 904 393 οἶδα
936 341 1186 395 δεσπότας
1220 341 1530 407 κεκτημένος.

286 426 373 474 Εκ.
406 423 554 475 ὁποῖα
584 423 761 477 κισσὸς
791 425 950 491 δρυός,
986 425 1119 478 ὅπως
1148 425 1291 490 τῆσδ’
1323 424 1511 490 ἕξομαι.

282 509 374 557 Οδ.
406 506 508 565 οὔκ,
541 506 602 572 ἤν
631 529 691 574 γε
720 509 865 579 πείθῃ
898 513 1033 560 τοῖσι
1063 513 1156 559 σοῦ
1186 508 1515 576 σοφωτέροις.

284 593 375 640 Εκ.
408 589 472 643 ὡς
501 590 643 655 τῆσδ’
676 593 859 642 ἑκοῦσα
892 591 1066 646 παιδὸς
1095 592 1152 643 οὐ
1180 591 1479 658 μεθήσομαι.
1813 648 1815 650 ,
1867 609 1950 649 400

283 676 374 724 Οδ.
406 673 522 726 ἀλλ’
554 674 654 725 οὐδ’
687 675 785 742 ἐγὼ
815 674 913 741 μὴν
943 674 1079 740 τήνδ’
1110 675 1277 741 ἄπειμ’
1308 677 1458 727 αὐτοῦ
1485 675 1664 727 λιπών.

283 761 385 809 Πλ.
409 761 576 825 μῆτερ,
611 762 758 810 πιθοῦ
787 780 887 824 μοι·
938 760 1017 811 καὶ
1049 760 1128 818 σύ,
1163 765 1257 811 παῖ
1282 761 1540 826 Λαερτίου,

406 839 544 909 χάλα
572 847 802 894 τοκεῦσιν
834 843 1036 896 εἰκότως
1066 842 1402 908 θυμουμένοις,

409 926 474 977 σύ
502 926 563 985 τ’,
597 924 635 978 ὦ
666 924 896 985 τάλαινα,
929 932 1034 980 τοῖς
1065 931 1303 993 κρατοῦσι
1330 926 1397 992 μὴ
1427 923 1606 995 μάχου.

406 1010 572 1082 βούλῃ
604 1015 780 1063 πεσεῖν
814 1010 936 1077 πρὸς
966 1011 1112 1064 οὖδας
1144 1012 1368 1062 ἑλκῶσαί
1385 1033 1440 1063 τε
1470 1010 1564 1063 σὸν
1866 1027 1949 1068 405

407 1093 619 1161 γέροντα
649 1099 818 1162 χρῶτα
851 1094 974 1160 πρὸς
1005 1096 1128 1159 βίαν
1158 1093 1428 1160 ὠθουμένη,

407 1179 769 1246 ἆσχημονῆσαί
794 1177 836 1229 τ’
870 1180 922 1229 ἐκ
946 1178 1061 1230 νέου
1090 1180 1364 1248 βραχίονος

407 1261 696 1321 σπασθεῖσ’,
731 1263 762 1314 ἃ
792 1263 968 1334 πείσῃ;
1014 1262 1082 1328 μὴ
1115 1263 1180 1313 σύ
1207 1263 1272 1330 γ’·
1318 1262 1375 1313 οὐ
1403 1263 1498 1330 γὰρ
1529 1260 1687 1326 ἄξιον.

407 1346 540 1405 ἀλλ’,
574 1344 611 1398 ὦ
644 1347 768 1414 φίλη
800 1368 885 1412 μοι
914 1350 1084 1414 μῆτερ,
1117 1347 1327 1412 ἡδίστην
1356 1346 1482 1414 χέρα

408 1430 492 1484 δὸς
523 1432 601 1482 καὶ
633 1432 842 1497 παρειὰν
875 1436 1194 1497 προσβαλεῖν
1225 1432 1439 1497 παρηίδι·
1870 1445 1950 1486 410

407 1515 472 1568 ὡς
502 1515 669 1567 οὔποτ’
700 1515 853 1573 αὖθις,
888 1517 1022 1566 ἀλλὰ
1053 1520 1139 1567 νῦν
1169 1515 1487 1567 πανύστατον

407 1600 581 1651 ἀκτῖνα
612 1599 794 1651 κύκλον
825 1598 869 1650 θ’
899 1599 1045 1664 ἡλίου
1075 1600 1419 1666 προσόψομαι.

405 1683 552 1737 τέλος
583 1683 706 1754 δέχῃ
738 1683 796 1748 δὴ
827 1688 927 1735 τῶν
958 1685 1089 1748 ἐμῶν
1119 1679 1572 1751 προσφθεγμάτων.

406 1766 443 1819 ὠ
473 1771 642 1835 μῆτερ,
676 1766 714 1819 ὠ
745 1767 958 1826 τεκοῦσ’,
990 1767 1161 1833 ἄπειμι
1190 1767 1248 1831 δὴ
1280 1765 1424 1818 κάτω.

282 1855 369 1903 Εκ.
402 1850 439 1903 ὠ
472 1852 699 1919 θύγατερ,
731 1852 873 1917 ἡμεῖς
904 1851 945 1902 δ’
977 1854 1031 1903 ἐν
1062 1849 1180 1919 φάει
1211 1852 1564 1915 δουλεύσομεν.
1865 1865 1948 1906 415

282 1940 381 1988 Πλ.
407 1936 634 2003 ἄνυμφος
666 1935 958 2001 ἀνυμέναιος
988 1938 1055 1987 ὧν
1085 1936 1135 2002 μ’
1171 1938 1324 2004 ἐχρῆν
1354 1939 1540 2002 τυχεῖν.

282 2024 370 2071 Εκ.
403 2023 572 2087 οἰκτρὰ
603 2021 682 2078 σύ,
716 2020 907 2078 τέκνον,
940 2022 1092 2072 ἀθλία
1121 2020 1164 2071 δ’
1197 2021 1295 2087 ἐγὼ
1325 2018 1465 2087 γυνή.

282 2109 383 2156 Πλ.
411 2107 515 2156 ἐκεῖ
542 2104 582 2156 δ’
615 2107 669 2156 ἐν
690 2103 868 2156 οἈιδου
899 2106 1128 2170 κείσομαι
1157 2104 1310 2171 χωρὶς
1341 2102 1506 2155 σέθεν.

284 2192 371 2240 Εκ.
404 2192 551 2254 οἴμοι·
599 2189 651 2240 τί
678 2186 871 2255 δράσω,·
918 2194 1008 2241 ποῖ
1032 2187 1318 2252 τελευτήσω
1349 2189 1492 2253 βίους

281 2277 382 2324 Πλ.
409 2273 560 2338 δούλη
594 2276 848 2338 θανοῦμαι,
881 2273 1068 2340 πατρὸς
1097 2272 1206 2323 οῧσ’
1238 2270 1515 2337 ἐλευθέρου.
1865 2285 1949 2326 420

284 2360 372 2408 Εκ.
403 2357 542 2422 ἡμεῖς
573 2359 625 2408 δὲ
655 2355 963 2421 πεντήκοντά
991 2357 1039 2424 γ’
1069 2356 1279 2423 ἄμμοροι
1308 2355 1510 2407 τέκνων.

285 2444 383 2492 Πλ.
410 2442 463 2492 τί
489 2462 572 2492 σοι
601 2440 725 2507 πρὸς
746 2439 948 2508 ’Ἕκτορ’
979 2437 1010 2505 ἢ
1040 2440 1234 2508 γέροντ’
1266 2442 1385 2492 εἴπω
1417 2439 1594 2499 πόσιν,·

283 2529 371 2576 Εκ.
405 2525 625 2593 ἄγγελλε
655 2530 833 2577 πασῶν
863 2523 1176 2589 ἀθλιωτάτην
1208 2523 1310 2589 ἐμέ.

334 2655 412 2692 397
462 2640 707 2692 κεκτημένος
747 2642 874 2680 etiam
910 2646 970 2684 Σι
1004 2640 1232 2691 κεκτημένη
1264 2639 1308 2688 Ρ,
1340 2651 1424 2688 quo
1454 2642 1627 2688 recepto
1659 2639 1775 2678 οἶσθα
1801 2635 1946 2685 Jenne

280 2698 362 2749 398
394 2696 516 2748 ὅπως]
543 2696 605 2736 Cf.
632 2697 730 2735 Tro.
763 2697 867 2745 146-
871 2708 907 2759 7,
932 2695 1006 2735 Ar.
1031 2695 1142 2734 Eccl.
1169 2707 1278 2744 297:
1310 2695 1390 2746 ἐγὼ
1412 2692 1700 2744 Sybe1(nu’‹7‹b
1720 2691 1798 2741 Σ);
1831 2691 1948 2741 ὅμοια

281 2765 357 2803 pro
379 2755 497 2792 ὁποια
517 2751 693 2795 Reiske.
754 2750 901 2789 Nihil
890 2763 933 2788 m
955 2755 986 2793 Σ
1008 2750 1060 2788 de
1082 2749 1252 2800 duplice
1274 2748 1452 2787 relativo
1610 2758 1690 2796 402
1717 2745 1889 2813 Λαρτίου
1906 2744 1947 2783 Α

280 2821 362 2857 404
391 2806 451 2857 τ’]
475 2806 509 2848 δ’
529 2806 568 2845 V
717 2817 798 2855 405
827 2802 942 2858 πρὸς]
966 2809 1005 2846 ἐς
1029 2806 1062 2844 L
1200 2805 1280 2853 408
1311 2802 1493 2843 Ησθεῖὤ
1516 2802 1541 2842 ἃ
1558 2802 1613 2852 μὴ
1633 2800 1756 2849 πείσῃ
1777 2799 1829 2840 σύ
1845 2798 1887 2852 γ’
1911 2799 1946 2838 L

280 2875 360 2912 412
382 2875 462 2901 om.
490 2861 566 2899 M·
557 2892 566 2900 .
595 2861 692 2901 add.
719 2859 789 2899 M2.
852 2860 916 2899 Cf.
937 2858 1030 2899 Alc.
1056 2861 1165 2898 206-
1142 2871 1191 2908 -7
1334 2869 1414 2907 413
1444 2854 1568 2908 δέχου
1590 2858 1690 2896 Av:
1723 2854 1758 2895 δ’
1780 2854 1858 2906 ἔχη
1878 2854 1945 2892 vel

278 2919 314 2958 δ’
337 2918 426 2971 ἔχει
449 2916 508 2955 M²
528 2934 592 2970 γρ.
619 2916 659 2955 Α
772 2926 852 2965 419
881 2913 993 2965 βίον]
1015 2913 1114 2955 τάδε
1137 2912 1315 2952 Nauck:
1344 2911 1393 2952 cf.
1426 2923 1530 2960 1270
1651 2923 1727 2959 421
1761 2910 1942 2961 ἄμμοιροι

279 2973 342 3013 A:
376 2975 527 3027 ἄμοιροι
548 2973 586 3011 V
