2118 3366
859 120 1329 169 ΙΠΠΟΛΎΤΟΣ

377 253 511 314 ἀλλ’,
544 252 582 306 ὦ
611 252 766 320 πάτερ
794 252 1065 310 Πόσειδον,
1099 251 1158 304 ἃς
1188 251 1304 315 ἐμοί
1326 269 1448 302 ποτε

379 340 501 405 ἀρὰς
528 337 756 405 ὑπέσχου
787 339 933 403 τρεῖς,
967 341 1056 404 μιᾷ
1088 333 1394 401 κατέργασαι

378 422 566 474 τούτων
596 420 717 486 ἐμὸν
747 418 896 478 παῖδ’,
928 417 1117 491 ἡμέραν
1147 419 1202 469 δὲ
1230 416 1297 482 μὴ
1329 416 1483 484 φύγοι

377 503 528 570 τήνδ’,
561 506 697 570 εἴπερ
726 504 842 569 ἡμῖν
874 502 1081 555 ὤπασας
1113 504 1297 567 σαφεῖς
1327 499 1462 567 ἀράς.
1847 504 1927 556 890

253 592 346 643 Xo.
379 586 519 653 ἄναξ,
553 587 773 656 ἀπεύχου
802 591 955 638 ταῦτα
985 584 1109 652 πρὸς
1137 588 1265 636 θεῶν
1295 582 1466 636 πάλιν·

378 672 553 743 γνώσῃ
582 673 678 738 γὰρ
708 671 846 724 αὖθις
876 669 1169 736 ἀμπλακῶν.
1257 668 1367 733 ἐμοὶ
1398 671 1560 720 πιθοῦ.

255 760 354 822 Θη.
379 756 466 808 οὐκ
501 755 628 808 ἔστι·
675 756 756 807 καὶ
786 755 909 822 πρός
939 753 985 822 γ’
1018 752 1176 819 ἐξελῶ
1208 759 1314 820 σφε
1343 754 1497 816 τῆσδε
1525 753 1635 819 γῆς,

381 844 517 893 δυοῖν
547 842 602 892 δὲ
630 841 826 907 μοίραιν
858 837 1041 907 θατέρᾳ
1070 835 1392 901 πεπλήξεται·

378 915 410 990 ἢ
439 926 535 992 γὰρ
565 927 827 976 Ποσειδῶν
859 922 1007 974 αὐτὸν
1039 923 1109 975 εἷς
1130 919 1306 973 “Αιδου
1337 920 1518 985 δόμους
1850 924 1927 976 895

380 1009 598 1061 θανόντα
627 1007 819 1075 πέμψει
848 1009 937 1060 τὰς
968 1008 1089 1072 ε’μᾶς
1120 1007 1240 1072 ἀρᾶς
1272 1003 1462 1070 σέβων,

380 1088 411 1157 ἢ
440 1095 595 1157 τῆσδε
625 1092 790 1161 χώρας
820 1092 1049 1143 ἐκπεσὼν
1079 1090 1337 1155 ἀλώμενος

381 1176 529 1242 ξένην
560 1175 637 1229 ἐπ’
667 1174 782 1229 αἶαν
811 1173 1004 1242 λυπρὸν
1036 1171 1278 1238 ἀντλήσει
1306 1173 1546 1243 βίον.ᾝωε

255 1265 349 1314 XO.
383 1261 462 1313 καὶ
491 1259 589 1326 μὴν
618 1259 691 1311 ὅδ’
723 1259 871 1314 αὐτὸς
901 1264 1018 1313 παῖς
1049 1258 1139 1312 σὸς
1170 1260 1222 1311 ἐς
1253 1256 1421 1324 καιρὸν
1451 1255 1602 1323 πάρα,

381 1344 694 1398 Ἱππόλυτος·
742 1345 892 1411 ὀργῆς
922 1342 964 1394 δ’
995 1341 1187 1408 ἐξανεὶς
1218 1344 1383 1406 κακῆς,
1416 1338 1546 1403 ἄναξ
1845 1355 1930 1397 900

329 1476 331 1478 ,
383 1432 576 1494 Θησεῦ,
608 1427 666 1480 τὸ
695 1433 898 1498 λῷστον
930 1431 1071 1479 σοῖσι
1100 1426 1383 1492 βούλευσαι
1414 1425 1596 1490 δόμοις.

260 1518 337 1567 Ιπ.
385 1515 599 1581 κραυγῆς
629 1512 848 1565 ἀκούσας
879 1515 974 1577 σῆς
1005 1512 1275 1579 ἀφικόμην,
1311 1508 1481 1576 πάτερ,

384 1601 595 1670 σπουδῇ·
641 1595 699 1649 τὸ
728 1595 901 1662 μέντοι
930 1594 1115 1663 πράγμ’
1149 1594 1230 1662 ἐφ’
1261 1592 1395 1664 ᾧτινι
1426 1592 1618 1646 στένεις

384 1681 471 1734 οὐκ
503 1680 628 1740 οἶδα,
661 1682 945 1747 βουλοίμην
976 1679 1016 1731 δ’
1046 1678 1108 1731 ἂν
1141 1681 1194 1730 ἐκ
1226 1677 1376 1730 σέθεν
1408 1678 1591 1729 κλύειν.

384 1765 458 1825 ἔα,
491 1767 544 1817 τί
567 1768 759 1834 χρῆμα,·
807 1763 905 1828 σὴν
935 1762 1140 1830 δάμαρθ’
1172 1764 1285 1830 ὁρῶ,
1320 1761 1490 1827 πάτερ,
1560 1814 1562 1816 ,
1789 1808 1802 1817 ,,
1851 1775 1931 1818 905

385 1850 576 1916 νεκρόν·
621 1850 864 1917 μεγίστου
895 1848 1142 1913 θαύματος
1170 1846 1272 1898 τόδ’
1303 1844 1458 1911 ἄξιον·

384 1932 447 1999 ἣν
478 1934 656 2001 ἀρτίως
684 1932 901 1992 ἔλειπον,
933 1931 963 1996 ἢ
996 1930 1126 1999 φάος
1154 1932 1270 1982 τόδε

387 2018 522 2070 οὔπω
551 2018 739 2085 χρόνον
766 2016 982 2069 παλαιὸν
1013 2014 1339 2082 εἰσεδέρκετο.

472 2104 526 2154 τί
549 2105 718 2170 χρῆμα
747 2100 961 2168 πάσχει,·
1007 2105 1075 2170 τῷ
1106 2100 1269 2168 τρόπῳ
1303 2099 1585 2158 διόλλυται,·

389 2185 561 2254 πάτερ,
594 2184 840 2239 πυθέσθαι
870 2185 1121 2250 βούλομαι
1154 2182 1301 2235 σέθεν
1331 2181 1481 2250 πάρα.
1858 2197 1935 2238 910

392 2272 558 2341 σιγᾷς·
607 2272 800 2335 σιωπῆς
830 2268 873 2320 δ’
906 2268 1048 2320 οὐδὲν
1079 2267 1226 2335 ἔργον
1257 2269 1312 2319 ἐν
1343 2270 1526 2320 κακοῖς·

387 2356 417 2421 ἡ
449 2357 545 2423 γὰρ
575 2358 803 2408 ποθοῦσα
832 2352 994 2406 πάντα
1026 2353 1199 2419 καρδία
1225 2351 1391 2403 κλύειν

392 2440 482 2491 κάν
512 2443 615 2493 τοῖς
646 2442 845 2490 κακοῖσι
873 2438 1050 2505 λίχνος
1080 2435 1189 2488 οὗσ’
1221 2436 1498 2487 ἁλίσκεται.

393 2523 450 2591 οὗ
478 2523 578 2589 μὴν
607 2523 787 2591 φίλους
817 2543 875 2589 γε
909 2520 1018 2572 κᾶτι
1046 2523 1243 2586 μᾶλλον
1273 2515 1303 2583 ἢ
1336 2519 1516 2586 φίλους

394 2607 624 2675 κρύπτειν
655 2607 844 2658 δίκαιον
879 2604 988 2664 σάς,
1022 2604 1192 2671 πάτερ,
1226 2601 1546 2670 δυσπραξίας.
1855 2618 1933 2658 915

323 2726 404 2766 888
433 2726 549 2767 κατεῖ
603 2741 697 2769 ασαι
719 2724 761 2764 Μ
945 2724 1020 2774 891
1054 2721 1229 2774 ἀνεύχου
1246 2721 1519 2771 Valckenaer
1696 2718 1775 2768 895
1796 2717 1938 2759 ’Ἃιδου

268 2780 463 2823 πύλαςΜ
486 2784 528 2827 (δ
552 2798 628 2832 μου
649 2780 706 2832 O)
876 2779 956 2828 899
985 2778 1123 2819 καινὸν
1145 2777 1186 2815 Μ
1206 2790 1214 2815 :
1247 2782 1352 2816 corr.
1379 2775 1441 2813 M2
1607 2784 1688 2823 903
1719 2772 1855 2814 ὧτινιν
1875 2772 1909 2811 Ρ
1928 2787 1938 2812 :

270 2835 351 2889 ᾧτε
371 2838 440 2878 νῦν
462 2834 499 2873 Ν
516 2835 582 2874 D:
613 2833 644 2887 ᾦ
662 2836 716 2876 τὰ
735 2838 804 2876 νῦν
825 2834 926 2872 Chr.
949 2832 1036 2871 Pat.
1060 2833 1142 2881 844
1338 2842 1419 2880 907
1449 2829 1474 2878 ἢ
1496 2827 1654 2867 M2V¹z
1681 2829 1707 2877 ἢ
1730 2826 1850 2867 MA:
1882 2827 1938 2868 εἷς

271 2890 359 2931 BV
373 2890 406 2929 L
421 2889 456 2929 P
609 2890 691 2939 908
719 2887 867 2942 χρόνος
886 2888 1057 2928 παλαιὸς
1079 2886 1216 2925 Lehrs
1372 2896 1452 2934 911
1485 2883 1520 2923 δ’
1540 2895 1624 2924 om.
1642 2882 1698 2922 V.‘
1754 2881 1936 2921 Versum

270 2958 353 3039 «ἒξ.
374 2944 475 3038 (ἒῙξιτῒ.
496 2943 585 2983 Pat.
607 2944 796 2994 860-865
820 2943 882 2996 (ε
905 2941 1008 2991 Hip.
1028 2939 1240 2992 907-913)
1380 2950 1462 2990 912
1491 2936 1631 2990 καρδία
1649 2935 1769 2978 πάντ’
1791 2934 1938 2978 εἰδέναι

340 3012 373 3040 r.
431 3011 457 3038 a
475 3027 486 3038 .
