2118 3366
853 140 1170 189 ΜΗΔΕΙΑ

307 272 370 322 τὰ
397 271 597 339 χρηστὰ
624 268 694 335 μή
725 269 810 321 σοι
838 271 1003 337 λυπρὰ
1036 271 1307 336 φαίνεσθαι
1336 269 1475 331 ποτέ,

308 353 421 419 μηδ’
453 353 733 421 εὐτυχοῦσα
764 353 1014 422 δυστυχὴς
1048 353 1174 405 εῖναι
1204 358 1382 406 δοκεῖν.

183 442 288 503 Μη.
306 437 494 505 ὕβριζ’,
527 437 696 502 ἐπειδὴ
730 438 813 490 σοὶ
843 441 935 503 μὲν
969 436 1075 489 ἔστ’
1108 437 1421 505 ἀποστροφή,

308 522 407 588 ἐγὼ
436 521 478 572 δ’
510 522 690 589 ἔρημος
720 520 867 586 τήνδε
900 520 1177 589 φευξοῦμαι
1207 522 1382 589 χθόνα.

186 610 258 656 Ια.
306 604 425 669 αὐτὴ
457 604 561 657 τάδ’
592 607 746 657 εἵλου·
793 604 964 670 μηδέν’
996 605 1158 657 ἄλλον
1188 607 1341 657 αἰτιῶ.
1772 609 1850 661 605

186 693 291 754 Μη.
310 690 363 741 τί
388 692 581 755 δρῶσα;
627 694 735 754 μῶν
766 694 1001 756 γαμοῦσα
1032 690 1111 740 καὶ
1143 688 1397 756 προδοῦσά
1428 709 1513 749 σε;

186 777 258 824 Ια.
305 774 427 840 ἀρᾶς
455 771 712 839 τυράννοις
743 774 976 827 ἀνοσίους
1014 772 1254 840 ἀρωμένη.

185 860 290 921 Μη.
312 857 392 909 καὶ
422 862 532 911 σοῖς
563 858 710 924 ἀραία
739 856 787 923 γ’
818 858 946 908 οὖσα
978 857 1210 924 τυγχάνω
1243 858 1424 922 δόμοις.

187 945 259 993 Ια.
309 940 374 993 ὣς
402 940 460 991 οὗ
491 945 746 1008 κρινοῦμαι
777 939 933 992 τῶνδέ
968 962 1053 992 σοι
1084 943 1144 992 τὰ
1175 942 1398 992 πλείονα.

310 1023 442 1083 ἀλλ’,
477 1026 524 1077 εἴ
550 1046 597 1076 τι
626 1024 791 1095 βούλῃ
826 1026 1005 1076 παισὶν
1038 1020 1068 1089 ἢ
1100 1027 1283 1088 σαυτῆς
1314 1031 1450 1096 φυγῇ
1774 1027 1854 1067 6¹0

310 1108 692 1175 προσωφέλημα
720 1107 991 1176 χρημάτων
1025 1110 1154 1173 ε’μῶν
1184 1113 1382 1174 λαβεῖν,

311 1190 438 1258 λέγ’·
486 1192 552 1246 ὡς
580 1192 775 1257 ἕτοιμος
807 1193 1014 1261 ἀφθόνῳ
1049 1195 1216 1244 δοῦναι
1245 1192 1356 1259 χερὶ

312 1273 474 1339 ξένοις
502 1296 556 1327 τε
586 1273 798 1340 πέμπειν
831 1275 1069 1340 σύμβολ’,
1103 1275 1149 1327 οἳ
1180 1274 1428 1341 δράσουσί
1454 1273 1504 1325 σ’
1535 1273 1603 1325 εἳ).

312 1358 394 1410 καὶ
424 1363 579 1410 ταῦτα
604 1358 669 1423 μὴ
702 1358 925 1410 θέλουσα
957 1364 1217 1426 μωρανεῖς,
1251 1360 1410 1426 γύναι·

310 1439 517 1506 λήξασα
543 1442 585 1494 δ’
616 1444 766 1509 ὀργῆς
798 1447 1050 1509 κερδανεῖς
1084 1444 1334 1508 ἀμείνονα.
1772 1445 1852 1494 615

187 1529 295 1591 Μη.
314 1525 415 1577 οὔτ’
447 1525 508 1577 ἂν
539 1524 732 1589 ξένοισι
761 1531 893 1578 τοῖσι
927 1533 1038 1580 σοῖς
1069 1526 1370 1594 χρησαίμεθ’
1401 1525 1477 1584 ἄν,

313 1608 415 1660 οὔτ’
444 1609 506 1661 ἄν
535 1630 584 1660 τι
612 1608 930 1674 δεξαίμεσθα,
965 1610 1077 1675 μηδ’
1108 1611 1223 1675 ἡμῖν
1262 1612 1413 1662 δίδου·

314 1698 463 1744 κακοῦ
491 1695 586 1760 γὰρ
616 1694 792 1760 ἀνδρὸς
824 1693 936 1760 δῶρ’
970 1696 1147 1758 ὄνησιν
1177 1695 1263 1745 οὐκ
1294 1695 1416 1762 ἔχει.

190 1780 262 1828 Ια.
312 1777 429 1829 ἀλλ’
462 1777 547 1828 οὖν
578 1778 678 1843 ἐγὼ
705 1780 798 1842 μὲν
829 1778 1067 1842 δαίμονας
1096 1778 1418 1845 μαρτύρομαι,

317 1861 383 1915 ὣς
411 1860 558 1912 πάνθ’
587 1862 851 1927 ὑπουργεῖν
885 1863 973 1912 σοί
1000 1883 1053 1912 τε
1086 1862 1166 1913 καὶ
1196 1861 1385 1914 τέκνοις
1416 1860 1564 1912 θέλω·
1773 1863 1854 1904 620

316 1945 400 1996 σοὶ
430 1944 473 1996 δ’
501 1944 585 1995 οὐκ
619 1943 820 2011 ἀρέσκει
850 1944 1043 2011 τάγάθ’,
1078 1944 1192 1996 ἀλλ’
1225 1945 1430 2013 αὐθαδία

315 2030 497 2096 φίλους
525 2030 714 2100 ἀπωθῇ·
761 2030 934 2095 τοιγὰρ
966 2029 1159 2101 ἀλγυνῇ
1190 2028 1360 2080 πλέον.

190 2116 291 2178 Μη.
313 2114 484 2180 χώρει·
530 2113 666 2180 πόθῳ
699 2114 794 2179 γὰρ
824 2115 911 2176 τῆς
940 2111 1210 2177 νεοδμήτου
1240 2113 1386 2178 κόρης

315 2199 428 2269 αἱρῇ
458 2197 699 2264 χρονίζων
729 2195 969 2260 δωμάτων
998 2195 1223 2260 ἐξώπιος.

313 2280 542 2347 νύμφευ’·
587 2282 712 2332 ἴσως
741 2278 1006 2346 γάρ-σὺν
1037 2282 1130 2348 θεῷ
1163 2279 1204 2330 δ’
1237 2277 1560 2346 εἰρήσεται-η
1771 2281 1849 2331 625

315 2370 490 2432 γαμεῖς
517 2368 742 2416 τοιοῦτον
771 2365 904 2415 ὥστε
933 2361 984 2413 σ’
1013 2363 1272 2429 ἀρνεῖσθαι
1303 2362 1477 2429 γάμον.

189 2493 282 2543 Χο.
336 2459 372 2586 ξ
398 2490 575 2557 ἔρωτες
604 2490 726 2555 ὑπὲρ
756 2492 847 2553 μὲν
878 2488 1006 2555 ἄγαν
1220 2472 1340 2566 χ’)Ῑ·
1718 2480 1847 2552 [στρ.

339 2582 342 2585 ’
399 2574 634 2627 ἐλθόντες
663 2573 749 2623 οὐκ
782 2570 1006 2635 εὐδοξίαν
1236 2565 1246 2575 ⁴
1284 2585 1350 2641 [11

483 2656 585 2707 οὐδ’
618 2657 796 2723 ἀρετὰν
826 2655 1116 2721 παρέδωκαν

243 2773 338 2823 601,
361 2773 442 2811 602
471 2773 714 2826 φαίνεσθαι.
770 2775 937 2812 .δοκεῖν
959 2770 1134 2818 Reiske,
1156 2776 1213 2817 et,
1236 2770 1279 2808 ni
1299 2769 1434 2820 fallor,
1458 2774 1516 2812 Σ.
1507 2782 1516 2792 ·
1550 2767 1814 2821 φαινέσθω..

191 2826 300 2868 δόκει
330 2827 450 2866 codd.
597 2828 677 2875 604
717 2802 908 2878 φεύξομαι
940 2824 1128 2863 Dindorf
1155 2826 1218 2874 (et
1249 2823 1306 2872 D)
1450 2825 1533 2861 610
1570 2839 1611 2863 τι
1641 2822 1761 2862 LPv
1790 2821 1853 2874 (et

191 2881 287 2920 fort.
312 2879 397 2929 Β).
387 2895 398 2904 ·
426 2897 474 2921 τε
492 2880 532 2919 Α
547 2880 586 2919 V
599 2880 647 2918 B'
851 2882 1001 2927 σαυτῆς
1023 2881 1132 2932 φυγῇ
1152 2878 1189 2916 V
1203 2878 1237 2916 Β
1253 2878 1311 2916 Ρ·
1343 2879 1472 2924 σαυτῆ
1494 2879 1603 2929 φυγῆ
1623 2876 1691 2914 A:
1721 2878 1852 2923 σαυτῆ

191 2937 324 2986 φυγῆς
347 2934 380 2972 L
401 2934 581 2974 fortasse
603 2940 719 2973 recte
844 2935 924 2982 613
954 2932 1148 2987 δράσουσί
1168 2931 1208 2972 σ’
1234 2932 1266 2970 L
1281 2930 1377 2970 PV²
1391 2931 1425 2968 B
1440 2944 1494 2969 α.
1527 2930 1742 2984 δράσουσιν
1761 2930 1801 2967 Α
1814 2929 1853 2967 V

190 2990 269 3038 617
299 2989 391 3039 μηδ’
413 2987 537 3027 PU:
566 2989 659 3039 μήθ’
682 2988 771 3028 rell.
