2118 3366
850 125 1317 175 ΙΠΠΟΛΤΤΟΣ

246 259 335 324 Αρ.
373 258 516 322 τιμῆς
547 253 777 324 ἐμέμφθη
811 259 1162 322 σωφρονοῦντι
1191 254 1235 307 δ’
1268 254 1466 322 ἤχθετο.

247 343 323 392 Ιπ.
368 344 500 406 τρεῖς
531 341 677 393 ὄντας
706 338 833 403 ἡμᾶς
864 337 1036 396 ὤλεσ’,
1068 337 1307 409 ᾔσθημαι,
1343 338 1546 404 Κύπρις.

245 425 334 489 Αρ.
367 421 556 489 πατέρα
586 444 646 490 γε
677 422 754 473 καὶ
786 423 847 473 σὲ
879 422 959 474 καὶ
990 422 1160 489 τρίτην
1190 419 1445 488 ξυνάορον.

246 510 323 558 Ϊπ.
367 504 543 576 ᾤμωξα
572 507 738 560 τοίνυν
770 505 850 557 καὶ
881 504 1067 572 πατρὸς
1097 503 1416 572 δυσπραξίας.
1801 524 1907 565 1405

243 593 334 656 Αρ.
368 587 649 655 ἐξηπατήθη
683 590 916 654 δαίμονος
944 590 1305 654 βουλεύμασιν.

245 677 322 726 Ιπ.
369 671 407 726 ὦ
438 672 690 727 δυστάλας
724 672 787 726 σὺ
818 675 972 737 τῆσδε
1003 677 1282 741 συμφορᾶς,
1317 672 1489 741 πάτερ.

244 759 341 822 Θη.
368 759 555 816 ὄλωλα,
588 755 777 816 τέκνον,
811 756 924 809 οὐδέ
951 778 1035 822 μοι
1065 756 1212 825 χάρις
1239 758 1372 823 βίου.

245 845 321 894 Ιπ.
370 840 530 893 στένω
563 843 624 895 σὲ
652 844 850 907 μᾶλλον
880 836 910 905 ἢ
941 840 1020 907 ’μὲ
1048 843 1137 906 τῆς
1167 843 1421 908 ἁμαρτίας.

243 928 342 990 Θη.
368 915 411 976 εἷ
440 927 536 992 γὰρ
566 926 822 993 γενοίμην,
855 923 1044 984 τέκνον,
1079 926 1188 977 ἀντὶ
1220 930 1314 978 σοῦ
1345 927 1530 993 νεκρός.
1802 943 1906 985 1410

243 1013 320 1061 Ιπ.
367 1007 405 1060 ὦ
436 1012 569 1076 δῶρα
599 1008 786 1076 πατρὸς
817 1013 910 1061 σοῦ
940 1013 1261 1063 Ποσειδῶνος
1291 1010 1456 1077 πικρά.

243 1095 342 1158 Θη.
368 1092 433 1146 ὡς
461 1091 640 1158 μήποτ’
675 1095 842 1145 ἐλθεῖν
874 1093 1033 1160 ὤφελ’
1067 1095 1118 1148 ἐς
1147 1093 1329 1159 τούμὸν
1362 1095 1539 1160 στόμα.

243 1181 319 1230 Ιπ.
365 1178 419 1229 τί
444 1176 510 1237 δ’,·
559 1175 761 1230 ἔκτανές
791 1176 881 1229 τᾶν
910 1176 978 1242 μ’,
1013 1177 1078 1230 ὡς
1108 1177 1210 1229 τότ’
1242 1176 1357 1242 ἧσθ’
1389 1178 1714 1246 ὠργισμένος.

241 1265 339 1326 Θη.
368 1257 515 1326 δόξης
546 1262 642 1328 γὰρ
672 1259 794 1327 ἦμεν
826 1261 949 1328 πρὸς
980 1264 1106 1313 θεῶν
1138 1261 1469 1330 ἐσφαλμένοι.

199 1350 204 1354 ’
242 1348 317 1396 Ιπ.
367 1349 481 1411 φεῦ·

366 1428 454 1482 εἴθ’
484 1427 545 1493 ἧν
576 1431 750 1496 ἀραῖον
781 1430 1011 1496 δαίμοσιν
1041 1432 1240 1496 βροτῶν
1274 1428 1433 1496 γένος.
1797 1446 1903 1489 1415

240 1516 329 1580 Ap.
362 1513 532 1565 ἔασον·
580 1513 636 1564 οὐ
665 1516 760 1581 γὰρ
794 1514 906 1566 οὐδὲ
935 1517 1027 1581 γῆς
1057 1513 1152 1565 ὑπὸ
1186 1514 1341 1580 ζόφον

365 1601 480 1651 θεᾶς
511 1596 676 1663 ἄτιμοι
708 1598 954 1665 Κύπριδος
987 1600 1040 1650 ἐκ
1072 1599 1343 1665 προθυμίας

361 1681 506 1748 ὀργαὶ
538 1682 957 1749 κατασκήψουσιν
990 1685 1041 1736 ἐς
1071 1682 1127 1733 τὸ
1159 1681 1252 1734 σὸν
1283 1681 1435 1748 δέμας

363 1768 457 1830 σῆς
488 1766 753 1832 εὐσεβείας
785 1768 1004 1833 κάγαθῆς
1036 1765 1217 1834 φρενὸς
1247 1765 1410 1834 χάριν.

362 1850 460 1917 ἐγὼ
490 1851 585 1917 γὰρ
616 1851 765 1915 αὐτῆς
795 1849 955 1902 ἄλλον
987 1849 1046 1915 ἐξ
1076 1852 1195 1915 ἐμῆς
1224 1850 1370 1917 χερὸς
1797 1867 1901 1908 1420

360 1932 415 1987 ὃς
449 1933 510 1986 ἂν
539 1933 764 2000 μάλιστα
797 1936 1041 2002 φίλτατος
1073 1942 1191 2007 κυρῇ
1222 1939 1420 2001 βροτῶν

360 2016 525 2083 τόξοις
557 2019 795 2086 ἀφύκτοις
827 2022 999 2071 τοῖσδε
1029 2017 1390 2085 τιμωρήσομαι.

360 2103 444 2154 σοὶ
475 2101 532 2162 δ’,
567 2099 605 2153 ὦ
635 2102 926 2169 ταλαίπωρ’,
963 2102 1072 2154 ἀντὶ
1102 2105 1257 2154 τῶνδε
1287 2107 1384 2154 τῶν
1418 2105 1578 2155 κακῶν

358 2188 502 2252 τιμὰς
528 2187 773 2255 μεγίστας
806 2189 860 2238 ἐν
892 2187 1039 2239 πόλει
1068 2186 1314 2255 Τροζηνίᾳ

358 2271 523 2322 δώσω·
571 2271 711 2337 κόραι
740 2272 837 2339 γὰρ
869 2270 1043 2338 ἄζυγες
1074 2269 1246 2337 γάμων
1275 2268 1432 2336 πάρος
1790 2285 1896 2328 1425

360 2356 513 2420 κόμας
546 2355 802 2422 κεροῦνταί
830 2376 927 2413 σοι,
964 2354 1024 2406 δι’
1057 2356 1233 2407 αἰῶνος
1262 2357 1450 2420 μακροῦ

207 2463 221 2486 ι
357 2437 513 2504 πένθη
545 2438 762 2507 μέγιστα
793 2440 1016 2506 δακρύων
1050 2437 1385 2508 καρπουμένῳ.

289 2565 393 2603 1402
423 2553 628 2608 ἐμέμφθης
647 2554 733 2593 VB
752 2555 788 2593 N
812 2560 854 2594 et
881 2559 912 2597 Σ
940 2554 1047 2594 alter
1268 2566 1371 2603 1403
1401 2553 1525 2594 ὤλεσ’
1546 2552 1722 2607 ᾔσθημαι
1744 2552 1850 2592 AV²
1865 2553 1898 2592 P

231 2607 266 2646 B
283 2607 322 2646 Ο
339 2608 376 2647 N
395 2622 405 2647 :
435 2610 559 2650 ὥλεσ’
578 2612 694 2660 ἵσημι
713 2609 753 2648 V
772 2624 781 2649 z
811 2611 967 2649 ὤλεσεν
994 2609 1065 2659 μία
1089 2609 1121 2647 L
1143 2609 1283 2655 (ὤλεσ’
1304 2609 1480 2663 ᾔσθημαι
1510 2608 1582 2658 μία
1611 2607 1894 2658 Valckenaer>

235 2675 333 2712 140⁴
365 2679 417 2715 γε
440 2663 689 2703 Kirchhoff:
719 2680 767 2705 τε
789 2664 911 2704 codd.
937 2664 1038 2715 (om.
1062 2663 1115 2701 Bw
1236 2675 1340 2713 1413
1368 2664 1409 2714 μ’
1428 2675 1509 2702 om.
1529 2661 1670 2701 Avo
1691 2676 1700 2702 :
1728 2664 1824 2704 add.
1844 2662 1900 2702 V²

233 2719 338 2766 1416
366 2719 412 2758 οὐ
429 2719 509 2772 γὰρ
528 2717 616 2757 ΑΒ
633 2719 666 2757 Ρ
683 2717 753 2759 L²:
784 2717 974 2770 οὐδὲγὰρ
994 2717 1033 2755 V
1048 2717 1080 2755 L
1095 2717 1133 2756 O
1149 2717 1185 2756 N
1284 2717 1391 2770 ζόφῳ
1407 2716 1446 2756 Α
1463 2717 1497 2755 Β
1512 2730 1538 2756 v
1650 2718 1755 2767 14¹8
1775 2734 1895 2759 κατα·

229 2771 483 2820 σκήπτουσιν
506 2772 640 2812 LPN
786 2785 889 2822 1419
919 2770 1004 2811 del.
1027 2771 1308 2813 Valckenaer.
1370 2772 1434 2813 Cf.
1464 2784 1593 2822 1454;
1623 2772 1769 2812 habuit
1790 2772 1890 2812 Chr.

229 2825 321 2866 Pat.
343 2827 424 2876 823
594 2840 696 2877 1423
727 2828 779 2868 σὺ
802 2827 886 2866 LO
904 2826 940 2864 N
1148 2829 1252 2876 1426
1280 2830 1493 2880 κκροῦνται
1516 2827 1576 2865 L:
1607 2831 1838 2896 κερκοῦνται
1861 2827 1894 2865 Ρ

233 2893 337 2974 14ἔέ
369 2880 511 2986 given]
526 2881 637 2988 ὗὲλη
661 2881 779 2922 Weil
906 2879 1164 2935 καρπουμένῳ
1184 2879 1452 2921 Valckenaer
1471 2895 1480 2920 :
1513 2897 1779 2935 καρπουμεναι
1800 2887 1831 2925 Σ
1852 2887 1894 2920 et

227 2947 278 2974 co
341 2966 350 2976 .
391 2952 511 2986 -μενα

337 3023 439 3052 tun.
464 3023 492 3051 1.
1672 3012 1724 3050 16
