2118 3366
806 121 1326 176 PRAEFATIO

233 270 351 315 tam
390 278 528 315 saec.
565 262 645 315 xii
687 262 828 332 (cod.
863 263 1037 315 Marc.
1071 261 1387 334 CCCCCVII),
1423 279 1589 330 quam
1623 277 1802 331 nuper
1838 261 1894 313 in

233 348 368 400 actis
406 347 528 402 Soc,
565 349 715 417 Lips.
753 349 837 402 VI
876 350 1160 418 descripsit
1201 350 1339 402 Otto
1380 349 1586 413 Hense,
1624 342 1709 401 bis
1747 356 1895 401 terve

233 434 289 486 in
326 434 702 488 testimonium
739 436 948 487 vocavi.
1023 435 1322 487 Lubricum
1361 435 1516 487 illum
1554 442 1774 497 testem,
1799 432 1893 502 qui

238 518 516 573 Christum
557 521 869 572 Patientem
910 528 1195 572 centonem
1240 537 1315 571 ex
1364 519 1585 572 divolsis
1636 519 1894 571 membris

232 607 561 674 tragicorum
610 605 946 659 Graecorum
990 606 1313 675 composuit,
1353 623 1476 658 raro
1520 605 1748 658 adhibui
1793 605 1893 656 nisi

230 692 287 744 in
334 693 561 744 Bacchis
611 700 667 745 et
715 692 1044 744 Troiadibus
1083 689 1177 762 (de
1226 692 1424 759 quibus
1473 692 1528 743 in
1578 691 1688 743 alio
1738 699 1893 742 tomo

229 776 560 850 dicendum).
637 764 786 830 Nam
817 777 918 829 nisi
956 795 1135 829 mores
1169 778 1279 830 eius
1312 786 1367 829 et
1407 778 1684 846 ingenium
1722 778 1893 846 probe

230 866 460 929 noveriS,
489 866 611 932 plus
650 865 740 916 ille
777 863 899 916 falsi
935 864 1038 916 tibi
1074 863 1282 916 adferet
1319 881 1487 932 quarn
1524 864 1654 925 veri,
1688 864 1892 931 quippe

228 950 322 1017 qui
344 968 451 1002 non
472 950 647 1002 solum
670 950 837 1017 pedes
856 949 1219 1016 trisyllabicos
1239 950 1423 1013 evitet,
1442 953 1626 1001 versus
1645 967 1890 1017 paroxy-

227 1044 358 1088 tone
402 1044 549 1088 amet
593 1036 899 1096 terminare,
942 1053 1118 1087 crases
1163 1035 1516 1103 elisionesque
1566 1035 1890 1096 reformidet,

227 1123 323 1173 sed
359 1123 525 1174 etiam
559 1121 828 1174 vocabula
861 1122 1036 1174 multa
1069 1130 1129 1173 ut
1165 1122 1353 1188 ignota
1387 1130 1482 1174 aut
1516 1121 1764 1174 obsoleta
1796 1130 1890 1173 aut

225 1207 461 1273 denique
500 1207 791 1273 impia—e.
807 1224 858 1274 g.
896 1224 960 1259 ea
999 1224 1139 1274 quae
1177 1224 1303 1258 cum
1341 1224 1475 1260 voce
1513 1207 1701 1272 δαίμων
1740 1225 1888 1259 com-

226 1293 405 1359 posita
441 1301 673 1345 sunt-a
710 1293 951 1344 carmine
991 1311 1088 1345 suo
1128 1292 1352 1345 exulare
1389 1301 1566 1361 cogat,
1608 1295 1890 1361 multaque

224 1380 331 1430 alia
356 1380 428 1431 ob
455 1396 645 1431 causas
672 1397 807 1446 quas
834 1380 1088 1447 equidem
1109 1397 1273 1447 saepe
1297 1398 1405 1432 non
1432 1379 1689 1448 intellego
1715 1388 1888 1432 mutet

224 1465 529 1532 turbetque.

298 1549 527 1605 Codices
591 1553 684 1619 qui
745 1554 757 1577 ‘
780 1551 1103 1620 Byzantini'
1165 1560 1425 1604 vocantur
1486 1554 1582 1604 vix
1650 1570 1887 1620 unquam

225 1638 471 1705 respexi:
516 1639 746 1690 derivati
784 1646 911 1689 sunt
949 1639 1039 1689 isti
1078 1655 1150 1689 ex
1188 1639 1400 1707 sylloge
1442 1640 1682 1706 quadam
1721 1640 1886 1691 trium

224 1723 545 1789 fabularum,
586 1724 727 1776 Hec.
767 1723 862 1776 Or.
901 1724 1120 1786 Phoen.‚
1158 1742 1322 1792 quam
1362 1724 1593 1777 confecit
1631 1726 1887 1792 magister

223 1810 527 1877 nescioquis
576 1810 777 1861 saeculi
829 1811 940 1874 xiv,
983 1811 1294 1878 aequalium
1346 1811 1530 1862 usibus
1579 1828 1885 1863 accommo-

220 1898 408 1948 datam
459 1905 514 1948 et
564 1896 969 1947 commentariis
1017 1905 1235 1949 auctam
1280 1896 1479 1963 amplis
1523 1905 1577 1948 et
1623 1896 1882 1949 futilibus

224 1983 405 2034 Huius
467 1983 676 2050 generis
739 1983 953 2034 codices
1010 1983 1278 2035 innumeri
1339 1983 1592 2036 dicuntur
1655 2001 1768 2035 esse
1831 1984 1884 2035 in

223 2069 479 2135 Europa3
534 2070 588 2120 in
631 2069 841 2137 Anglia
891 2069 1095 2120 invenit
1141 2069 1335 2137 viginti
1387 2069 1597 2122 Paleius
1642 2069 1770 2140 (vol.
1813 2071 1884 2136 iii,

222 2154 431 2223 Praefi).
544 2155 807 2222 Optimus
872 2155 1088 2206 videtur
1148 2172 1265 2206 esse
1330 2155 1789 2224 Guelferbytanus
1852 2175 1884 2208 a

220 2241 513 2293 Dindorfio
550 2240 606 2292 in
646 2241 888 2294 editione
925 2241 1254 2292 scholiorum
1293 2241 1420 2310 (vol.
1449 2243 1483 2304 i,
1512 2260 1601 2311 pp.
1630 2260 1707 2294 xv
1740 2242 1883 2314 sqq.)

217 2327 534 2394 descriptuS,
559 2327 774 2379 duobus
807 2328 1212 2380 commentariis
1252 2328 1559 2392 instructUS,
1587 2346 1694 2380 uno
1733 2329 1882 2381 Mos-

216 2411 437 2480 chopuli
479 2431 659 2481 opere,
697 2414 869 2467 altero
906 2413 1157 2466 Thomae
1196 2413 1465 2482 Magistri.
1542 2415 1608 2465 In
1647 2433 1879 2483 quorum

216 2499 420 2550 acervis
460 2499 607 2551 haud
651 2500 762 2552 scio
803 2517 874 2552 an
915 2501 1090 2551 adhuc
1137 2501 1204 2552 sit
1248 2500 1420 2552 latens
1459 2501 1667 2570 aliquid
1706 2503 1880 2554 bonae

218 2585 398 2653 frugiS,
427 2586 662 2638 multum
690 2594 838 2639 certe
863 2604 972 2637 non
998 2595 1093 2638 est.

292 2670 686 2724 Collationibus
731 2673 981 2724 codicum
1026 2691 1153 2725 usus
1196 2692 1317 2726 sum
1358 2675 1537 2741 primo
1580 2675 1876 2728 Kirchhof-

217 2756 401 2810 fianis:
452 2774 543 2809 eas
582 2758 635 2809 in
673 2757 872 2810 fabulis
909 2776 1049 2826 quae
1086 2777 1158 2810 ex
1197 2759 1307 2811 LP
1344 2761 1585 2828 pendent
1622 2762 1878 2813 omnibus

215 2851 433 2910 praeter
461 2843 754 2896 Herculem
780 2852 836 2896 et
865 2845 1137 2896 Helenam
1165 2863 1238 2897 ex
1256 2845 1539 2898 Analectis
1556 2847 1613 2896 E
1617 2848 1879 2914 uripz‘dez's

218 2931 627 2984 Wilamowitzii
647 2931 860 2983 correxi
882 2947 894 2993 ;
923 2932 976 2982 in
998 2931 1238 2984 Hercule
1254 2949 1327 2984 ex
1343 2933 1588 2986 eiusdem
1610 2933 1874 2999 editione3

210 3018 267 3070 in
292 3016 509 3071 Helena
530 3035 602 3070 ex
624 3017 864 3071 editione
884 3017 1250 3084 Herwerdeni,
1266 3018 1475 3073 Vitellii
1492 3019 1875 3074 collationibus

996 3122 1089 3157 vlu
