2118 3366
854 108 1290 158 ΕΥΡΙΠΙΔΟΥ

360 237 530 291 δείσας
561 235 793 304 δέδρακεν
824 236 972 304 ἔργον
1004 237 1359 297 ἀνοσιώτατον,

361 323 526 384 κοινῆς
557 319 801 387 τραπέζης
831 319 1077 374 πολλάκις
1105 322 1271 389 τυχὼν
1301 322 1428 388 ἐμοί,

360 402 523 468 ξενίας
553 402 596 455 τ’
629 405 816 473 ἀριθμῷ
848 404 998 471 πρῶτ’
1027 403 1160 473 ἔχων
1191 406 1322 470 ἐμῶν
1353 405 1535 472 φίλων,

360 487 525 554 τυχὼν
555 486 597 539 δ’
632 488 767 539 ὅσων
799 491 958 539 δεῖ-ι,
1044 488 1121 539 καὶ
1150 488 1329 554 λαβὼν
1357 489 1638 555 προμηθίαν
1818 502 1899 545 795

360 571 563 623 ἔκτεινε·
609 571 804 636 τύμβου
834 571 894 630 δ’,
927 573 970 623 εἶ
1001 577 1197 624 κτανεῖν
1227 572 1486 638 ἐβούλετο,

362 654 449 705 οὐκ
479 653 712 719 ἠξίωσεν,
749 654 865 706 ἀλλ’
897 656 1061 722 ἆφῆκε
1091 656 1314 708 πόντιον.

359 739 500 803 ἡμεῖς
528 741 621 803 μὲν
653 738 739 790 οὖν
773 740 946 790 δοῦλοί
969 761 1025 791 τε
1056 740 1314 792 κᾶσθενεῖς
1343 741 1484 793 ἴσως·

361 822 476 873 ἀλλ’
509 824 554 874 οἱ
586 822 690 874 θεοὶ
724 822 962 875 σθένουσι
990 823 1066 890 χὼ
1098 825 1271 875 κείνων
1303 829 1494 890 κρατῶν

360 907 548 971 Νόμος·
582 907 716 975 νόμῳ
748 908 843 974 γὰρ
874 907 987 960 τοὺς
1019 907 1161 961 θεοὺς
1188 907 1442 974 ἡγούμεθα
1824 913 1905 952 800

363 990 440 1041 καὶ
473 990 628 1055 ζῶμεν
660 990 804 1041 ἄδικα
836 990 915 1042 καὶ
945 991 1090 1043 δίκαι’
1123 991 1404 1058 ὡρισμένοι·

364 1073 418 1127 ὃς
450 1076 500 1127 ἐς
533 1073 582 1124 σ’
615 1075 840 1126 ἀνελθὼν
872 1076 914 1126 εἰ
946 1074 1357 1142 διαφθαρήσεται,

362 1158 441 1209 καὶ
471 1157 535 1223 μὴ
569 1159 708 1223 δίκην
741 1159 993 1211 δώσουσιν
1024 1160 1204 1212 οἵτινες
1234 1158 1405 1224 ξένους

365 1243 642 1294 κτείνουσιν
672 1238 702 1305 ἢ
738 1246 864 1294 θεῶν
897 1245 1003 1310 ἱερὰ
1031 1248 1288 1308 τολμῶσιν
1319 1242 1507 1310 φέρειν,

363 1326 449 1377 οὐκ
481 1326 620 1377 ἔστιν
653 1326 795 1378 οὐδὲν
827 1331 927 1378 τῶν
959 1329 1012 1378 ἐν
1043 1328 1322 1394 ἀνθρώποις
1351 1329 1482 1379 ἴσον.
1824 1333 1904 1382 805

364 1410 495 1461 ταῦτ’
526 1410 611 1461 οὗν
644 1412 698 1461 ἐν
731 1413 924 1480 αἰσχρῷ
957 1409 1161 1476 θέμενος
1192 1410 1452 1475 αἰδέσθητί
1475 1432 1554 1475 με·
1718 1410 1721 1415 ’

365 1496 578 1560 οἴκτιρον
611 1494 755 1558 ἡμᾶς,
792 1495 855 1547 ὡς
886 1489 1184 1561 Τγραφεύςῒ
1214 1495 1255 1546 τ’
1287 1494 1590 1548 ἆποσταθεὶς

367 1580 469 1629 ἰδοῦ
498 1600 559 1642 με
592 1577 908 1644 κᾶνάθρησον
938 1578 1000 1630 οῖ’
1028 1579 1128 1646 ἔχω
1162 1577 1299 1630 κακά.

365 1662 600 1727 τύραννος
635 1662 664 1726 ἦ
695 1662 821 1720 ποτ’,
857 1663 990 1713 ἀλλὰ
1019 1667 1106 1714 νῦν
1136 1663 1289 1727 δούλη
1323 1661 1487 1722 σέθεν,

367 1746 537 1798 εὔπαις
568 1745 677 1797 ποτ’
713 1746 855 1804 οὖσα,
890 1751 974 1798 νῦν
1004 1749 1058 1798 δὲ
1087 1751 1239 1813 γραῦς
1268 1745 1417 1800 ἄπαις
1448 1746 1491 1798 θ’
1522 1745 1640 1812 ἅμα,
1830 1752 1910 1791 810

367 1829 548 1883 ἄπολις
580 1830 777 1896 ἔρημος,
812 1830 1091 1895 ἀθλιωτάτη
1123 1836 1323 1898 βροτῶν
1369 1870 1380 1882 .
1430 1871 1440 1882 .
1491 1870 1502 1881 .

450 1916 580 1979 οἴμοι
613 1913 841 1972 τάλαινα,
876 1919 965 1966 ποῖ
989 1914 1038 1979 μ’
1067 1913 1331 1981 ὑπεξάγεις
1362 1915 1514 1975 πόδα;

368 1999 504 2051 ἔοικα
536 1996 742 2063 πράξειν
775 1997 930 2049 οὐδέν·
976 1995 1013 2048 ὦ
1043 1997 1237 2050 τάλαιν’
1269 1999 1383 2066 ἐγώ.

368 2086 421 2134 τί
445 2086 567 2146 δῆτα
601 2082 768 2146 θνητοὶ
799 2082 962 2134 τᾶλλα
991 2085 1082 2147 μὲν
1111 2081 1375 2148 μαθήματα

367 2170 651 2234 μοχθοῦμεν
687 2166 751 2219 ὡς
782 2166 876 2234 χρὴ
909 2166 1070 2218 πάντα
1102 2167 1179 2218 καὶ
1208 2168 1498 2232 ματεύομεν,
1831 2171 1909 2221 815

370 2251 537 2302 Πειθὼ
569 2252 621 2301 δὲ
656 2250 743 2314 τὴν
775 2250 1015 2316 τύραννον
1046 2251 1321 2317 ἀνθρώποις
1349 2252 1507 2316 μόνην

371 2334 512 2386 οὐδέν
545 2356 592 2385 τι
621 2338 817 2399 μᾶλλον
850 2337 900 2387 ἐς
931 2334 1077 2389 τέλος
1109 2334 1451 2401 σπουδάζομεν

301 2463 484 2501 793-797
516 2450 703 2499 suspecti
727 2450 796 2488 alii
818 2450 909 2488 aliis
1077 2463 1156 2500 794
1185 2451 1309 2503 πρῶτ’
1331 2450 1441 2502 ἔχων
1462 2450 1613 2501 scripsi
1633 2463 1643 2489 :
1673 2454 1812 2503 πρῶτα
1830 2453 1913 2491 τῶν

245 2506 365 2544 codd.
386 2511 427 2543 et
443 2510 472 2547 Σ
493 2504 562 2555 (τὰ
594 2507 733 2557 πρῶτα
749 2509 831 2545 τῶν
843 2503 902 2552 Α)
926 2519 936 2544 :
965 2505 1103 2558 πρῶτοί
1116 2505 1155 2545 τ’
1172 2506 1226 2545 ὢν
1243 2504 1486 2544 Wakefield
1598 2505 1730 2556 φίλων
1748 2504 1788 2542 Μ
1806 2504 1838 2543 L
1852 2504 1886 2542 P
1903 2518 1912 2542 :

245 2560 364 2612 ξένων
384 2559 423 2597 Α
442 2559 475 2597 Β
492 2559 530 2597 O
551 2575 616 2612 γρ.
638 2559 679 2596 Μ
849 2571 927 2609 795
957 2561 990 2599 δ’
1005 2572 1085 2598 om.
1105 2559 1160 2610 M,
1181 2558 1275 2598 add.
1298 2558 1356 2597 M²
1466 2560 1564 2600 ὅσον
1586 2559 1627 2598 Μ
1645 2560 1678 2598 Β
1698 2576 1706 2600 :
1736 2571 1845 2598 corr.
1863 2557 1914 2596 B²

246 2616 325 2664 796
356 2615 392 2654 εἷ
410 2615 453 2652 in
476 2627 622 2653 rasura
656 2613 713 2652 Μ3
932 2615 1014 2653 800
1042 2614 1155 2665 τοὺς]
1175 2615 1240 2655 καὶ
1262 2613 1450 2653 Dindorf
1609 2615 1689 2653 802
1719 2613 1773 2664 εἰ]
1794 2615 1820 2662 ἢ
1843 2613 1884 2651 Μ
1903 2627 1914 2653 :

246 2682 354 2709 corr.
376 2668 435 2706 Μ2
602 2671 683 2718 805
714 2670 951 2722 ἀνθρώποισι
973 2673 1055 2710 σῶν
1073 2669 1393 2707 Radermacher
1548 2671 1626 2718 807
1655 2669 1834 2721 ’γραφεὺς
1855 2666 1914 2705 Μ2

246 2724 336 2763 rell.
359 2729 389 2767 Σ
410 2739 418 2763 :
450 2726 622 2777 βραβεὺς
653 2724 733 2763 nisi
764 2724 888 2763 fallor
910 2725 950 2762 M
976 2725 1177 2777 (κραψεὺς,
1200 2723 1250 2762 cf.
1271 2736 1310 2762 v.
1337 2723 1418 2772 528
1437 2728 1481 2762 et
1500 2723 1635 2762 Andr.
1660 2725 1761 2773 972)
1784 2722 1913 2771 idque

247 2792 394 2818 verum
432 2781 586 2827 iudico,
630 2780 861 2829 ‘tanquam
901 2779 1055 2827 arbiter,
1093 2792 1119 2817 a
1157 2778 1403 2817 contentione
1440 2781 1623 2816 remotus
1659 2780 1789 2828 specta
1821 2773 1913 2815 me'

246 2835 326 2882 809
357 2833 549 2875 δέσποινα
567 2833 646 2886 γάρ
666 2832 759 2873 ποτ’
778 2833 810 2871 L
828 2834 909 2886 (γρ.
933 2833 1124 2887 τύραννος
1143 2833 1194 2882 ἣν
1212 2833 1246 2881 Ι)
1357 2831 1408 2882 ἦν
1424 2833 1547 2872 codd.
1713 2832 1796 2871 810
1823 2830 1913 2872 τότ’

248 2888 349 2928 οὖσα
380 2888 614 2926 Hoffmann
648 2888 727 2940 (sic
755 2888 813 2939 O)
994 2889 1075 2927 812
1113 2891 1191 2928 ποῦ
1223 2888 1256 2925 L
1421 2888 1502 2937 815
1535 2885 1762 2939 ματεύομεν
1792 2885 1826 2925 L
1851 2891 1915 2936 (et

250 2942 430 2981 fortasse
454 2942 510 2981 Μι
534 2956 589 2981 ex
611 2942 742 2995 corr.)
768 2957 777 2981 :
804 2941 1062 2993 μαστεύομεν
1083 2942 1172 2981 rell.
1199 2941 1260 2980 M²
1348 2940 1351 2943 ”
