2118 3366
807 189 1249 239 ΕΥΡΙΠΙΔΟΥ

316 315 502 385 πέμψω
532 319 628 385 γὰρ
659 319 781 390 αὐτῇ
813 319 928 386 δῶρ’
959 319 991 371 ἃ
1022 320 1402 373 καλλιστεύεται

315 405 414 453 τῶν
443 405 531 453 νῦν
562 403 616 453 ἐν
647 402 1004 469 ἀνθρώποισιν,
1038 403 1128 454 οἶδ’
1160 403 1275 470 ἐγώ,
1307 404 1453 462 πολύ,

316 485 504 537 λεπτόν
533 506 588 537 τε
618 484 815 537 πέπλον
847 487 927 538 καὶ
959 487 1150 539 πλόκον
1179 485 1502 554 χρυσήλατον

317 572 496 621 παῖδας
528 567 790 636 φέροντας.
881 569 998 621 ἀλλ’
1028 571 1153 622 ὅσον
1182 569 1335 638 τάχος
1365 571 1528 638 χρεὼν
1783 585 1866 626 950

320 653 509 716 κόσμον
541 653 763 717 κομίζειν
790 657 931 720 δεῦρο
962 655 1271 720 προσπόλων
1301 653 1428 705 τινά.

318 734 662 801 εὐδαιμονήσει
693 735 735 787 δ’
767 737 860 804 οὐχ
892 737 961 796 ἕν,
996 739 1131 789 ἀλλὰ
1158 739 1322 804 μυρία,

318 820 496 886 ἀνδρός
526 819 568 870 τ’
601 821 807 886 ἀρίστου
840 825 933 871 σοῦ
962 821 1167 889 τυχοῦσ’
1199 820 1462 886 ὁμευνέτου

320 903 587 969 κεκτημένη
618 925 673 956 τε
705 905 895 969 κόσμον
927 906 984 956 ὅν
1015 905 1127 956 ποθ’
1150 903 1337 959 “Ήλιος

318 987 503 1054 πατρὸς
534 987 694 1054 πατὴρ
727 988 931 1040 δίδωσιν
965 989 1249 1055 ἐκγόνοισιν
1280 991 1370 1042 οῖς.
1785 1002 1867 1045 955

415 1072 635 1137 λάζυσθε
667 1075 853 1141 φερνὰς
884 1073 1056 1133 τάσδε,
1089 1077 1277 1133 παῖδες,
1313 1074 1363 1126 ἐς
1392 1071 1544 1140 χέρας

323 1155 399 1205 καὶ
429 1156 487 1226 τῇ
515 1154 736 1224 τυράννῳ
768 1157 987 1223 μακαρίᾳ
1016 1155 1185 1227 νύμφῃ
1218 1156 1330 1207 δότε

322 1237 577 1305 φέροντες·
626 1239 761 1290 οὗτοι
795 1242 929 1305 δῶρα
959 1241 1159 1304 μεμπτὰ
1189 1238 1399 1303 δέξεται.

201 1327 267 1373 Ῐα.
315 1324 366 1373 τί
393 1322 452 1381 δ’,
487 1320 524 1373 ὦ
555 1324 755 1387 ματαία,
790 1327 949 1374 τῶνδε
983 1325 1077 1375 σὰς
1110 1327 1267 1376 κενοῖς
1296 1322 1472 1390 χέρας;

321 1410 482 1460 δοκεῖς
514 1408 776 1470 σπανίζειν
810 1411 950 1472 δῶμα
982 1409 1252 1472 βασίλειον
1283 1406 1507 1466 πέπλων,
1788 1410 1872 1463 960

323 1495 483 1544 δοκεῖς
515 1493 567 1542 δὲ
597 1496 810 1558 χρυσοῦ;
863 1492 1008 1560 σῷζε,
1043 1491 1108 1556 μὴ
1143 1493 1278 1542 δίδου
1307 1490 1439 1542 τάδε.

324 1576 461 1641 εἴπερ
493 1577 587 1641 γὰρ
618 1575 745 1639 ἡμᾶς
778 1574 915 1639 ἀξιοῖ
941 1576 1098 1642 λόγου
1128 1575 1261 1628 τινὸς

321 1658 462 1725 γυνή,
497 1657 739 1725 προθήσει
769 1658 1060 1727 χρημάτων,
1096 1658 1223 1727 σάφ’
1256 1659 1347 1711 οἶδ’
1380 1659 1494 1726 ἐγώ.

200 1746 301 1808 Μη.
323 1741 389 1807 μή
419 1764 502 1807 μοι
536 1743 615 1794 σύ·
663 1744 854 1795 πείθειν
880 1747 1014 1810 δῶρα
1050 1744 1128 1794 καὶ
1159 1743 1300 1796 θεοὺς
1327 1744 1499 1810 λόγος’

322 1826 511 1894 χρυσὸς
543 1830 597 1878 δὲ
629 1829 880 1893 κρείσσων
913 1828 1100 1894 μυρίων
1132 1829 1300 1894 λόγων
1330 1831 1549 1894 βροτοῖς.
1791 1831 1871 1883 965

326 1913 487 1975 κείνης
519 1911 545 1960 ὁ
575 1911 779 1976 δαίμων,
815 1916 954 1963 κεῖνα
986 1917 1072 1964 νῦν
1107 1911 1243 1976 αὔξει
1274 1913 1399 1970 θεός,

326 1994 414 2046 νέα
444 2000 687 2061 τυραννεῖ·
733 2001 833 2047 τῶν
865 1996 906 2047 δ’
942 1998 1074 2061 ἐμῶν
1107 1997 1296 2048 παίδων
1327 1997 1490 2063 φυγᾶς

323 2081 496 2145 ψυχῆς
526 2078 587 2130 ἂν
618 2076 962 2144 ἆλλαξαίμεθ’,
1000 2080 1056 2130 οὐ
1089 2085 1280 2147 χρυσοῦ
1308 2081 1478 2145 μόνον.

410 2158 544 2217 ἀλλ’,
578 2155 616 2209 ὦ
646 2157 793 2218 τέκν’,
835 2160 1124 2211 εἰσελθόντε
1153 2163 1427 2215 πλουσίους
1457 2162 1635 2227 δόμους

327 2243 511 2311 πατρὸς
543 2243 658 2296 νέαν
689 2250 913 2311 γυναῖκα,
949 2223 1190 2298 δεσπότιν
1220 2245 1261 2296 δ’
1294 2243 1434 2310 ἐμήν,
1793 2259 1876 2304 970

329 2327 574 2386 ἱκετεύετ’,
608 2325 889 2390 ἐξαιτεῖσθε
920 2329 985 2393 μὴ
1020 2334 1203 2396 φυγεῖν
1233 2330 1409 2397 χθόνα,

330 2413 516 2477 κόσμον
548 2413 985 2465 διδόντες-τοῦδε
1016 2415 1111 2480 γὰρ
1142 2412 1364 2478 μάλιστα
1395 2416 1540 2465 δεῖ-

330 2498 380 2548 ἐς
410 2495 536 2563 χεῖρ’
571 2497 760 2560 ἐκείνης
793 2500 926 2564 δῶρα
959 2496 1199 2561 δέξασθαι
1229 2496 1359 2548 τάδε.

257 2624 339 2662 949
368 2612 433 2664 τε]
454 2611 499 2652 δὲ
514 2611 565 2661 A,
588 2625 694 2651 corr.
721 2626 747 2651 a
884 2615 949 2654 καὶ
970 2613 1179 2655 πλόκονν
1194 2613 1228 2652 Β
1247 2627 1257 2652 :
1287 2626 1365 2652 om.
1381 2612 1446 2653 A:
1479 2614 1544 2653 καὶ
1567 2613 1718 2664 στέφος
1741 2611 1774 2651 L
1789 2612 1872 2654 Pa.

206 2666 272 2707 Cf.
294 2667 373 2715 786
485 2679 567 2716 953
598 2666 738 2721 ἀνδρός
757 2666 795 2707 τ’
812 2666 905 2706 AV
923 2683 932 2707 ι
963 2667 1104 2720 ἀνδρός
1121 2669 1163 2720 ’γ’
1185 2669 1218 2706 L
1233 2668 1267 2707 P
1285 2681 1294 2706 :
1325 2669 1465 2721 ἀνδρὸς
1487 2667 1523 2705 Β
1639 2679 1720 2717 955
1741 2668 1874 2719 πατὴρ

205 2722 353 2774 πατρὸς
376 2721 408 2758 L
425 2721 458 2759 P
642 2724 724 2772 956
752 2723 877 2775 χέρας
897 2722 936 2760 Α
953 2722 987 2760 L
1003 2722 1036 2760 P
1049 2736 1075 2761 v
1092 2737 1102 2762 t
1131 2722 1235 2776 χέρα
1253 2722 1292 2760 V
1306 2721 1341 2760 B
1526 2734 1605 2772 957
1636 2720 1731 2762 δότε
1751 2720 1874 2773 νύμφι

209 2777 437 2825 (suprascr.
468 2776 511 2828 η)
548 2776 590 2815 Α
809 2778 893 2826 960
931 2777 1154 2824 βασιλείων
1189 2777 1262 2816 Pv
1478 2778 1559 2826 963
1602 2775 1702 2828 ἐγώ]
1739 2775 1803 2816 ὅτι
1839 2775 1874 2813 L

205 2832 287 2879 966
316 2830 442 2881 αὔξει]
467 2832 549 2882 ἄξει
569 2831 610 2869 Α
765 2833 847 2880 968
875 2835 1026 2883 ψυχαῖς
1046 2831 1085 2870 V
1102 2848 1168 2884 γρ.
1191 2833 1239 2879 ἣς
1259 2843 1470 2881 suprascr.
1493 2844 1519 2869 v
1679 2831 1762 2880 969
1791 2830 1875 2870 εἷσ-

208 2884 375 2926 ελθόντε
411 2885 568 2924 LPB:
615 2885 872 2927 εἰσελθόντες
905 2886 997 2924 AV
1185 2885 1404 2926 πλουσίους
1438 2885 1609 2923 AVBI
1624 2899 1634 2924 t
1674 2884 1876 2933 πλησίους

208 2939 242 2977 L
258 2939 291 2977 P
456 2952 540 2989 970
569 2938 603 2981 δ’
626 2939 727 2991 ἐμήν
749 2939 941 2990 Elmsley
959 2955 968 2979 ι
998 2938 1037 2980 τ’
1059 2941 1159 2992 ἐμήν
1179 2941 1303 2980 codd.
1483 2952 1561 2990 971
1594 2942 1741 2992 φυγεῖν
1762 2938 1796 2977 L
1811 2938 1844 2976 P
1861 2951 1874 2977 x

207 2993 375 3087 φᾸεὶὖῙγὲν
394 2993 486 3033 AV
500 2994 535 3032 B
714 3006 795 3044 972
825 2994 1016 3048 φέροντες
1038 2995 1071 3033 L
1250 3007 1331 3045 973
1363 2994 1518 3044 ἐκείνης
1539 2994 1573 3032 L
1589 2993 1684 3033 Pv:
1717 2992 1877 3041 ἐκείνην
