2118 3366
797 127 1198 175 ΑΛΚΗΣΤΙΣ

291 256 359 324 μή
389 257 464 311 τίς
492 255 543 321 μ’
576 255 759 327 ἐλέγξῃ
789 255 881 320 τὴν
911 254 1034 321 ἐμὴν
1067 253 1316 323 εὐεργέτιν

292 339 525 408 προδόντ’
557 342 610 392 ἐν
641 339 801 405 ἄλλης
832 340 1049 405 δεμνίοις
1081 339 1273 391 πίτνειν
1305 337 1436 398 νέας,

294 424 375 476 καὶ
407 427 495 489 τῆς
526 422 790 489 θανούσης·
837 421 955 487 ἀξία
984 421 1038 475 δέ
1068 443 1154 488 μοι
1185 421 1381 487 σέβειν·
1734 428 1843 470 1060

292 506 491 572 πολλὴν
522 507 761 575 πρόνοιαν
793 510 871 559 δεῖ
894 505 946 572 μ’
977 505 1134 574 ἔχειν.
1225 506 1289 558 σὺ
1320 505 1379 565 δ’,
1413 503 1450 558 ὦ
1482 505 1642 574 γύναι,

290 592 399 656 ἥτις
429 590 541 643 ποτ’
573 590 621 643 εἶ
648 591 729 650 σύ,
762 589 898 642 ταῦτ’
930 589 1105 658 ἔχουσ’
1134 588 1432 654 Ἀλκήστιδι

292 678 493 743 μορφῆς
520 674 656 741 μέτρ’
687 676 812 727 ἴσθι·
861 674 940 726 καὶ
971 672 1245 742 προσήιξαι
1275 673 1442 739 δέμας.

291 760 441 825 οἴμοι.
531 759 700 824 κόμιζε
728 758 852 826 πρὸς
882 762 1010 810 θεῶν
1042 756 1102 823 ἐξ
1129 757 1362 824 ὀμμάτων

293 847 503 910 γυναῖκα
530 841 691 907 τήνδε,
724 841 790 908 μή
821 842 871 908 μ’
903 843 1022 914 ἕλῃς
1050 841 1308 915 ᾑρημένον.
1737 846 1842 898 1065

292 930 420 978 δοκῶ
450 929 547 994 γὰρ
576 925 729 990 αὐτὴν
761 928 972 993 εἰσορῶν
1005 925 1207 994 γυναῖχ’
1238 927 1360 992 ὁρᾶν

292 1008 431 1075 ἐμήν·
477 1008 624 1062 θολοῖ
648 1013 703 1063 δὲ
734 1012 955 1078 καρδίαν,
989 1012 1043 1062 ἐκ
1075 1010 1118 1061 δ’
1150 1009 1383 1075 ὀμμάτων

293 1094 451 1162 πηγαὶ
481 1094 875 1162 κατερρῶγασιν·
923 1092 961 1146 ὦ
992 1092 1198 1159 τλήμων
1231 1094 1345 1161 ἐγώ,

293 1177 360 1232 ὧς
388 1177 498 1244 ἄρτι
526 1177 740 1232 πένθους
769 1182 913 1230 τοῦδε
942 1178 1156 1245 γεύομαι
1184 1182 1375 1245 πικροῦ.

166 1266 258 1314 Χο.
292 1262 390 1329 ἐγὼ
420 1264 513 1327 μὲν
543 1262 630 1313 οὐκ
659 1261 823 1330 ἔχοιμ’
855 1261 916 1314 ἂν
949 1261 1002 1314 εὖ
1030 1261 1203 1328 λέγειν
1233 1262 1405 1328 τύχην·
1735 1275 1842 1317 1070

291 1345 387 1414 χρὴ
419 1345 478 1405 δ’,
511 1346 652 1399 ὅστις
684 1347 732 1398 εἴ
758 1345 840 1405 σύ,
875 1350 1130 1412 καρτερεῖν
1162 1348 1277 1397 θεοῦ
1307 1347 1465 1397 δόσιν.

169 1433 265 1496 Ηρ.
291 1430 335 1482 εἰ
362 1431 459 1497 γὰρ
488 1429 739 1494 τοσαύτην
770 1430 979 1495 δύναμιν
1012 1429 1153 1498 εἶχον
1185 1430 1317 1482 ὥστε
1347 1429 1445 1494 σὴν

292 1515 344 1567 ἐς
374 1518 483 1581 φῶς
512 1518 752 1581 πορεῦσαι
782 1513 1025 1582 νερτέρων
1057 1515 1113 1565 ἐκ
1143 1512 1380 1580 δωμάτων

293 1601 502 1665 γυναῖκα
532 1598 615 1649 καί
643 1619 726 1649 σοι
757 1596 907 1662 τήνδε
937 1602 1183 1664 πορσῦναι
1214 1596 1376 1665 χάριν.

167 1685 257 1734 Αδ.
290 1680 417 1748 σάφ’
447 1682 559 1734 οἶδα
586 1681 879 1748 βούλεσθαί
907 1680 958 1732 σ’
991 1681 1067 1733 ἄν.
1158 1683 1293 1733 ἀλλὰ
1323 1685 1417 1734 ποῦ
1446 1681 1584 1742 τόδε,·
1736 1695 1838 1738 1075

292 1765 378 1817 οὐκ
409 1765 522 1818 ἔστι
552 1765 665 1819 τοὺς
699 1767 943 1819 θανόντας
975 1767 1027 1819 ἐς
1057 1764 1187 1832 φάος
1210 1770 1402 1831 μολεῖν.

168 1853 266 1917 Ηρ.
287 1848 355 1915 μή
386 1871 473 1902 νυν
502 1849 802 1917 ὑπέρβαλλ’,
836 1849 952 1902 ἀλλ’
986 1851 1255 1915 ἐναισίμως
1286 1848 1427 1916 φέρε.

167 1937 256 1986 Αδ.
288 1934 407 2005 ῥᾷον
438 1939 697 2002 παραινεῖν
728 1930 758 1998 ἢ
791 1935 1016 1986 παθόντα
1051 1938 1318 2001 καρτερεῖν.

167 2021 265 2084 Ηρ.
290 2018 342 2070 τί
367 2017 410 2070 δ’
443 2018 504 2071 ἂν
534 2019 854 2085 προκόπτοις,
891 2020 933 2070 εἶ
964 2015 1131 2071 θέλοις
1161 2018 1238 2071 ἀεὶ
1270 2017 1490 2078 στένειν,·

166 2105 255 2154 Αδ.
289 2101 485 2169 ἔγνωκα
517 2103 709 2162 καύτός,
746 2102 862 2154 ἀλλ’
895 2102 1017 2168 ἔρως
1046 2124 1121 2156 τις
1153 2100 1336 2169 ἐξάγει.
1734 2108 1839 2148 1080

168 2188 264 2253 Ηρ.
289 2185 346 2238 τὸ
376 2188 471 2254 γὰρ
503 2189 724 2253 φιλῆσαι
755 2185 843 2238 τὸν
876 2185 1072 2237 θανόντ’
1103 2185 1215 2253 ἄγει
1247 2185 1408 2253 δάκρυ.

166 2273 256 2321 Αδ.
289 2269 555 2323 ἀπώλεσέν
584 2292 663 2336 με,
698 2269 808 2322 κᾶτι
837 2274 1036 2336 μᾶλλον
1066 2266 1096 2334 ἢ
1125 2269 1275 2337 λέγω.

224 2387 329 2436 1058
373 2386 523 2441 ἐλέγξῃ
561 2386 718 2428 LPB:
761 2386 920 2441 ἐλέγχῃ
952 2387 992 2426 V
1225 2380 1328 2436 1059
1371 2387 1503 2435 ἄλλης
1544 2385 1653 2425 LP:
1697 2387 1840 2428 ἄλλοις

166 2440 255 2480 VB
427 2445 532 2481 1062
567 2443 622 2483 τὰ
653 2441 755 2483 αὐτά
775 2441 824 2480 L¹
846 2442 889 2480 in
917 2453 1078 2490 marga:
1118 2444 1251 2482 ταῦτα
1269 2441 1391 2480 codd.
1574 2441 1680 2489 1063
1717 2457 1839 2494 προσ-

166 2496 294 2548 ήοιξαι
317 2496 374 2536 L:
415 2509 524 2537 corr.
553 2496 591 2537 l:
624 2495 746 2548 δέμας
774 2496 1052 2550 προσεμφερές
1074 2495 1223 2535 Nauck
1432 2497 1536 2544 1064
1568 2497 1610 2547 ἐξ
1630 2495 1739 2535 VB:
1771 2495 1836 2535 ἀπ’

168 2549 252 2589 LP
422 2553 529 2591 1066
558 2550 672 2605 ὁρᾶν]
699 2554 801 2605 ὀρῶν
820 2550 858 2590 V
1027 2552 1132 2589 1068
1161 2553 1321 2601 τλῆμον
1338 2549 1424 2588 VP
1592 2562 1692 2598 1071
1726 2551 1839 2590 ὅστις

168 2605 207 2646 εἶ
234 2604 287 2646 σύ
315 2612 540 2657 suspecta:
578 2606 630 2646 cf.
653 2619 693 2646 v,
719 2607 850 2645 1062:
888 2605 939 2646 σὺ
965 2618 1046 2645 om.
1082 2606 1138 2645 L:
1180 2605 1270 2653 ἥτις
1297 2607 1357 2653 εἵη
1382 2603 1586 2654 Hayley:
1620 2605 1734 2645 ὅστις
1761 2604 1838 2644 εἶσι

168 2658 393 2699 Hermann
570 2672 676 2710 1072
715 2662 824 2701 ὥστε
854 2661 934 2709 σὺν
962 2673 1042 2699 orn.
1080 2659 1185 2700 LP:
1225 2660 1322 2699 add.
1353 2659 1394 2697 l:
1435 2662 1482 2700 ἐκ
1510 2662 1600 2700 θεοῦ
1628 2659 1726 2698 add.
1757 2658 1840 2698 alia

168 2715 320 2754 manus
339 2714 382 2754 in
404 2714 466 2755 P:
496 2724 605 2756 λειπ.
633 2715 676 2754 in
698 2728 829 2763 marg.
851 2727 934 2754 scr.
959 2713 1009 2753 L¹
1209 2727 1311 2763 1077
1343 2731 1413 2755 νυν
1433 2712 1657 2767 ὑπέρβαλλ’
1681 2712 1835 2752 Monk:

169 2771 239 2810 νῦν
267 2768 465 2823 ὕπέρβαλ’
488 2769 524 2809 Β
540 2770 579 2809 O
596 2770 634 2808 D
655 2783 665 2809 ε
696 2773 766 2811 νῦν
794 2769 999 2823 ὑπέρβαιν’
1021 2769 1060 2807 V
1075 2768 1109 2807 L
1124 2768 1158 2807 P
1181 2768 1254 2820 (μὴ
1282 2772 1351 2810 νῦν
1377 2767 1716 2821 ὑπερβαλλόντως
1742 2766 1839 2820 φέρε

167 2823 219 2873 Ξ)
342 2824 557 2874 uinctam
576 2824 617 2863 V
630 2823 666 2863 B
852 2836 956 2873 1079
986 2822 1117 2864 θέλοις
1139 2822 1281 2863 Haun.
1302 2838 1311 2862 ε
1341 2822 1472 2864 θέλεις
1492 2823 1617 2862 codd.
1638 2828 1682 2861 et
1701 2822 1838 2861 codex

169 2876 338 2972 Gtggni‚
361 2891 402 2930 p.
425 2891 506 2929 413
667 2877 829 2921 στένειν
849 2879 912 2920 ἀεί
931 2877 1081 2917 Galen.
1291 2878 1397 2916 1080
1425 2893 1487 2918 τις
1508 2877 1657 2917 Galen.
1677 2890 1686 2915 :
1715 2876 1777 2917 τίς
1795 2875 1837 2927 μ’

167 2945 217 2973 co
277 2961 288 2973 .
