2118 3366
898 134 1168 188 ETPII‘H
1181 135 1359 188 A‘OT'

493 267 560 321 ὣς
590 267 708 320 δείν’
738 267 923 320 ἔπαθεν
954 268 1035 320 καὶ
1064 250 1198 334 παρὰ
1226 267 1400 334 μικρὸν
1494 268 1498 274 “
1593 307 1595 309 -
1741 320 1743 322 ,
1871 279 1950 326 293

575 351 751 420 ψυχὴν
781 350 937 416 ἦλθεν
965 355 1270 412 διακναΐσαι;

286 481 351 526 Ιο.
406 475 635 527 οὐκέστι
664 476 808 527 τοῦδε
838 476 985 527 παισὶ
1020 475 1229 528 κάλλιον
1259 474 1424 544 γέρας,

406 555 436 622 ἢ
469 558 653 624 πατρὸς
685 561 874 611 ἐσθλοῦ
906 560 1126 626 κᾶγαθοΰ
1155 559 1429 627 πεφυκέναι

409 637 604 709 [γαμεῖν
635 642 677 693 τ’
709 642 794 694 ἀπ’
824 643 1040 695 ἐσθλῶν·
1087 642 1141 696 ὃς
1172 646 1226 695 δὲ
1257 643 1472 707 νικηθεὶς
1503 643 1639 712 πόθῳ

358 722 361 723 ’
409 731 575 779 κακοῖς
606 727 951 791 ἐκοινώνησεν,
988 726 1074 777 οὐκ
1107 726 1374 785 ἐπαινέσω,
1872 740 1951 781 300

407 809 597 863 τέκνοις
627 810 814 865 ὄνειδος
843 810 1006 878 οὕνεχ’
1037 811 1218 875 ἡδονῆς
1247 807 1450 877 λιπεῖν.]

407 893 463 944 τὸ
494 896 736 962 δυστυχὲς
766 896 861 961 γὰρ
892 894 1372 961 ηὑγένει’,ἆμύνεται

406 980 493 1042 τῆς
525 980 815 1045 δυσγενείας
844 982 1059 1043 μᾶλλον·
1106 979 1245 1043 ἡμεῖς
1275 981 1369 1046 γὰρ
1402 983 1562 1030 κακῶν

407 1063 460 1115 ἐς
489 1061 774 1130 τοῦσχατον
806 1063 1048 1116 πεσόντες
1081 1064 1293 1130 ηὕρομεν
1324 1063 1504 1130 φίλους

407 1146 487 1197 καὶ
517 1144 771 1213 ξυγγενεῖς
801 1146 987 1210 τούσδ’,
1021 1147 1068 1198 οἳ
1097 1146 1308 1211 τοσῆσδ’
1341 1144 1628 1212 οἰκουμένης
1870 1160 1951 1201 305

405 1228 704 1294 Ἑλληνίδος
735 1233 827 1298 γῆς
857 1227 1011 1282 τῶνδε
1043 1231 1367 1298 προύστησαν
1397 1230 1556 1296 μόνοι.

407 1313 523 1372 δότ’,
558 1311 595 1364 ὦ
627 1313 772 1373 τέκν’,
807 1314 970 1368 αὐτοῖς
1003 1320 1147 1382 χεῖρα
1178 1314 1359 1380 δεξιάν,
1394 1315 1522 1366 δότε·

405 1399 542 1462 ὑμεῖς
572 1419 627 1450 τε
657 1400 818 1457 παισί,
855 1399 933 1450 καὶ
965 1398 1123 1453 πέλας
1154 1397 1477 1465 προσέλθετε.

479 1480 517 1533 ὦ
547 1487 735 1542 παῖδες,
771 1485 821 1536 ἐς
849 1485 944 1548 μὲν
973 1487 1152 1548 πεῖραν
1180 1480 1399 1546 ἤλθομεν
1431 1483 1612 1547 φίλων·

406 1558 467 1627 ἢν
499 1563 540 1613 δ’
573 1562 658 1615 οὖν
688 1563 800 1615 ποθ’
831 1565 943 1629 ὑμῖν
978 1564 1159 1617 νόστος
1191 1566 1242 1617 ἐς
1271 1563 1463 1631 πάτραν
1496 1571 1632 1638 φανῇ
1873 1579 1953 1621 310

409 1649 487 1699 καὶ
519 1647 701 1712 δώματ’
735 1646 969 1712 οἷκήσητε
1003 1650 1081 1700 καὶ
1112 1649 1255 1714 τιμὰς
1287 1649 1470 1715 πατρός

409 1818 637 1881 σωτῆρας
668 1816 763 1867 αἰεὶ
796 1816 875 1866 καὶ
907 1818 1089 1883 φίλους
1121 1817 1358 1881 νομίζετε,

352 1960 355 1963 ν
410 1900 490 1950 καὶ
518 1899 699 1964 μήποτ’
731 1902 782 1953 ἐς
811 1903 907 1967 γῆν
939 1900 1119 1968 ἐχθρὸν
1150 1902 1379 1968 αἴρεσθαι
1411 1902 1525 1967 δόρυ

407 1981 664 2048 μέμνησθέ
692 2005 777 2049 μοι
807 1982 958 2048 τήνδ’,
993 1985 1127 2035 ἀλλὰ
1160 1983 1407 2052 φιλτάτην
1438 1985 1588 2037 πόλιν

409 2072 585 2119 πασῶν
617 2067 845 2132 νομίζετ’.
934 2067 1063 2132 ἄξιοι
1093 2068 1134 2119 δ’
1165 2070 1279 2134 ὑμῖν
1311 2068 1489 2134 σέβειν
1872 2085 1948 2125 315

406 2151 456 2202 οἳ
486 2154 581 2217 γῆν
611 2151 826 2217 τοσήνδε
857 2153 934 2204 καὶ
967 2152 1291 2220 Πελασγικὸν
1321 2154 1454 2205 λεὼν

407 2235 546 2300 ἡμῶν
578 2234 937 2301 ἆπηλλάξαντο
969 2239 1237 2302 πολεμίους
1269 2238 1421 2305 ἔχειν,

408 2319 636 2386 πτωχοὺς
667 2319 854 2385 ἀλήτας
886 2323 1194 2388 εἶσορῶντες·
1240 2321 1356 2373 ἀλλ’
1388 2313 1518 2387 ὅμως

409 2403 496 2454 οὐκ
527 2402 771 2467 ἐξέδωκαν
802 2405 903 2456 οὐδ’
935 2404 1204 2470 ἀπήλασαν
1234 2407 1432 2473 χθονός.

336 2533 414 2570 297
445 2524 564 2562 τοῦδε
584 2523 698 2562 παισὶ
722 2522 755 2559 L
770 2520 804 2560 P
821 2527 863 2561 et
883 2521 998 2561 Stob.
1017 2524 1084 2561 88.
1107 2536 1128 2572 7
1146 2537 1153 2561 :
1184 2524 1298 2563 παισὶ
1318 2526 1437 2563 τοῦδε
1458 2521 1575 2561 Stob.
1599 2534 1663 2571 79.
1682 2534 1707 2571 3
1730 2528 1772 2561 et
1794 2521 1941 2561 Orion.

283 2573 427 2625 Eurip.
448 2589 474 2625 9
613 2589 800 2627 299—301
833 2578 1033 2627 ignorant
1050 2577 1169 2617 Stob.
1184 2583 1226 2616 et
1245 2577 1391 2628 Orion,
1410 2577 1493 2616 alio
1509 2590 1546 2617 v.
1566 2577 1822 2626 substitut0;
1851 2577 1948 2615 vide

282 2631 360 2668 sub
381 2629 453 2670 fin.
476 2630 639 2670 fabulae
861 2645 943 2682 299
970 2632 1112 2684 γάμων
1133 2632 1359 2681 Musgrave
1578 2645 1660 2681 304
1691 2632 1746 2673 εἰς
1768 2631 1827 2670 L:
1859 2632 1896 2671 εἶ
1915 2631 1949 2669 Ρ

281 2695 361 2733 305
392 2685 565 2735 011,εῆ
588 2686 621 2725 Ρ
759 2698 842 2735 310
870 2690 962 2736 ὑμῖν
981 2699 1124 2737 apogr.
1152 2686 1307 2726 Paris..
1335 2686 1429 2737 ἥμιν
1451 2686 1534 2724 LP
1668 2698 1744 2735 311
1775 2684 1948 2735 supplet

283 2753 351 2778 ex
372 2752 433 2788 gr.
455 2740 582 2781 πάλιν
601 2740 778 2790 λάβητε,
799 2743 928 2789 τῆσδε
950 2739 1153 2795 κοιράνους
1172 2743 1319 2793 χθονὸς
1335 2741 1525 2791 Elmsley
1634 2753 1714 2791 314
1741 2739 1948 2791 μέμνησθέ

279 2811 347 2844 μοι
366 2794 619 2834 Kirchhoff:
647 2794 892 2846 μεμνημένοι
910 2795 992 2834 LP
1102 2795 1216 2844 τήνδ’
1232 2795 1405 2845 Scripsi:
1437 2796 1557 2837 τῶνδ’
1575 2795 1657 2834 LP
1768 2794 1947 2844 (Mavult

280 2848 445 2887 Verrall
465 2853 609 2890 πολεῖν
629 2862 706 2900 pro
727 2849 850 2890 πόλιν
869 2850 1073 2899 scribere,
1096 2850 1247 2890 ceteris
1268 2851 1465 2904 servatis)
1658 2861 1737 2900 315
1768 2847 1947 2899 σεβίζετ’

280 2902 509 2942 Wecklein
652 2905 751 2955 ἄξιοι
781 2904 816 2944 δ’
848 2903 1068 2955 Elmsley:
1111 2907 1220 2957 ἄξιον
1250 2904 1347 2973 LP
1549 2915 1627 2955 317
1659 2903 1946 2955 ὑπηλλοίξαντο

282 2954 431 3007 Pflugk
455 2960 587 3009 (ἐνηλ.
614 2952 860 3011 Musgrave)
1735 2962 1756 2986 ⁴2
1787 2957 1789 2959 ’
