2118 3366
817 136 1255 185 ΕΥΡΙΠΙΔΟΥ

328 267 501 334 λόγοις
530 268 584 318 δὲ
615 267 818 331 συμβὰς
850 266 930 317 καὶ
963 268 1089 317 θεῶν
1119 264 1373 330 ἀνώμοτος

330 350 522 418 Τφίλος
552 348 704 416 γένοι’
735 348 797 401 ἂν
826 341 1419 416 τᾶπικηρυκεύματα·-”Ῐ“

331 435 416 486 οὐκ
445 432 508 486 ἂν
537 434 718 484 πίθοιο·
764 433 897 497 τάμὰ
925 434 1018 497 μὲν
1046 433 1143 498 γὰρ
1175 432 1380 494 ἀσθενῆ,

329 522 434 570 τοῖς
463 515 504 567 δ’
535 517 696 581 ὄλβος
727 516 839 567 ἐστὶ
871 516 951 566 καὶ
983 515 1133 580 δόμος
1163 514 1464 581 τυραννικός.
1785 527 1872 566 740

204 604 283 652 Αι.
330 595 566 663 Ὺπολλὴν
597 596 773 662 ἔλεξας
805 601 859 651 ἐν
890 599 1065 665 λόγοις
1096 590 1434 664 προμηθίαν·“Ι”

330 682 461 742 ἀλλ’,
497 684 539 734 εἰ
569 686 705 734 δοκεῖ
724 703 833 741 σοι,
868 685 988 749 δρᾶν
1019 680 1125 732 τάδ’
1157 680 1244 731 οὐκ
1275 681 1573 747 ἀφίσταμαι.

330 768 445 832 ἐμοί
469 788 524 818 τε
554 769 649 833 γὰρ
678 765 783 818 τάδ’
816 766 959 817 ἐστὶν
990 763 1376 831 ἀσφαλέστατα,

331 851 524 917 σκῆψίν
554 849 647 901 τιν’
679 852 881 918 ἐχθροῖς
913 854 1024 903 σοῖς
1056 848 1240 916 ἔχοντα
1270 847 1533 907 δεικνύναι,

331 934 386 985 τὸ
418 935 512 985 σόν
542 933 583 984 τ’
616 932 766 1001 ἄραρε
795 937 1009 998 μᾶλλον·
1059 930 1237 999 ἐξηγοῦ
1265 931 1424 985 θεούς.
1786 943 1869 987 745

203 1024 306 1084 Μη.
329 1021 451 1083 ὄμνυ
481 1017 632 1069 πέδον
656 1021 771 1082 Γῆς,
805 1016 996 1084 πατέρα
1027 1016 1070 1068 θ’
1093 1015 1284 1068 “Ήλιον
1315 1014 1502 1082 πατρὸς

327 1102 521 1168 τούμοῦ,
556 1105 682 1153 θεῶν
711 1122 764 1153 τε
800 1101 1051 1154 συντιθεὶς
1081 1100 1214 1152 ἅπαν
1244 1099 1406 1166 γένος.

203 1190 281 1237 Αι.
328 1187 379 1238 τί
405 1189 574 1254 χρῆμα
604 1183 806 1252 δράσειν
837 1181 866 1248 ἢ
898 1185 949 1236 τί
975 1184 1041 1250 μὴ
1074 1183 1300 1250 δράσειν;
1346 1181 1485 1250 λέγε.

203 1274 305 1334 Μη.
328 1269 439 1335 μήτ’
471 1269 616 1322 αὐτὸς
648 1271 701 1320 ἐκ
730 1273 824 1336 γῆς
855 1272 949 1333 σῆς
980 1267 1054 1333 ἔμ’
1086 1269 1325 1332 ἐκβαλεῖν
1355 1288 1492 1326 ποτε,

326 1352 436 1419 μήτ’
469 1352 624 1407 ἄλλος
653 1352 715 1417 ἤν
745 1374 819 1406 τις
848 1358 947 1403 τῶν
979 1354 1109 1416 ἐμῶν
1139 1353 1330 1419 ἐχθρῶν
1360 1350 1501 1418 ἄγειν
1794 1362 1874 1408 750

326 1438 499 1510 χρῄζῃ,
531 1436 771 1502 μεθήσειν
806 1437 898 1500 ζῶν
932 1436 1143 1504 ἑκουσίῳ
1173 1434 1354 1504 τρόπῳ.

203 1526 280 1574 Αι.
329 1524 508 1586 ὄμνυμι
538 1525 693 1572 Γαῖαν
725 1518 925 1586 (Ηλίου
959 1519 1002 1569 θ’
1033 1518 1187 1586 ἁγνὸν
1218 1515 1401 1585 σέβας)

327 1606 466 1658 θεούς
496 1626 550 1655 τε
580 1604 767 1657 πάντας
798 1606 1025 1669 ἐμμενεῖν
1057 1602 1088 1653 ἅ
1119 1624 1211 1654 σου
1243 1603 1390 1654 κλύω.

202 1694 307 1755 Μη.
330 1691 481 1756 ἀρκεῖ·
527 1689 577 1739 τί
604 1688 644 1739 δ’
677 1689 803 1757 ὅρκῳ
835 1692 959 1757 τῷδε
990 1687 1057 1752 μὴ
1090 1685 1303 1752 ’μμένων
1332 1686 1533 1747 πάθοις;

202 1778 280 1825 Αι.
326 1774 357 1825 ἃ
386 1777 519 1824 τοῖσι
549 1776 862 1837 δυσσεβοῦσι
893 1772 1118 1838 γίγνεται
1148 1775 1361 1837 βροτῶν.
1789 1783 1869 1824 755

201 1862 303 1922 Μη.
326 1857 513 1925 χαίρων
545 1856 767 1923 πορεύου·
814 1855 976 1908 πάντα
1006 1857 1102 1923 γὰρ
1135 1860 1297 1908 καλῶς
1328 1854 1448 1923 ἔχει.

256 1989 332 2026 737
363 1975 565 2026 ἀνώμοτος
584 1974 637 2012 Β2
655 1975 716 2021 (et
734 1973 789 2024 D)
808 1987 816 2012 :
848 1973 901 2012 cf.
920 1978 951 2016 Σ
972 1973 1025 2011 ad
1041 1986 1078 2012 v.
1101 1983 1179 2022 735
1198 1973 1270 2023 (μὴ
1291 1971 1459 2022 ὀμόσας)
1479 1985 1488 2013 2
1522 1972 1722 2022 ἐνώμοτος
1743 1971 1866 2010 codd.

199 2036 242 2069 et
262 2036 293 2074 Σ
312 2029 432 2076 alius,
457 2029 510 2068 ad
531 2042 568 2069 v.
594 2041 670 2078 737
695 2030 750 2078 (εἷ
770 2027 968 2076 συνθήκας
992 2026 1215 2077 ἐνωμότους
1235 2026 1443 2076 ποιήσαιο)
1640 2027 1720 2075 738
1750 2026 1870 2078 φίλος

198 2083 323 2137 γένοι’
342 2086 391 2126 ἂν
411 2084 530 2123 codd.
554 2089 596 2122 et
617 2088 647 2126 Σ
665 2098 673 2121 :
704 2084 824 2135 ψιλὸς
843 2080 971 2134 γένοι’
989 2083 1038 2123 ἂν
1050 2081 1215 2121 Verrall
1316 2079 1698 2134 τᾶπικηρυκεύματα
1717 2081 1867 2130 scripsi

200 2147 358 2190 puncto
378 2139 431 2177 ad
454 2138 525 2178 fin.
545 2152 583 2178 V.
603 2138 744 2188 posito
762 2138 832 2187 (cf.
851 2142 882 2180 Σ
897 2139 949 2190 τῇ
972 2135 1017 2177 δὲ
1039 2136 1168 2190 εὐθείᾳ
1190 2137 1280 2177 ἀντὶ
1300 2139 1462 2184 δοτικῆς
1482 2138 1644 2188 χρῆται.
1698 2135 1870 2185 Δίδυμος

200 2194 243 2235 δέ
264 2204 389 2246 φησιν
419 2193 626 2233 ἐλλείπειν
654 2193 732 2242 τὴν
760 2191 869 2241 διά);
903 2189 1299 2244 κᾶπικηρυκεύμασιν
1327 2191 1442 2241 (κάπὶ
1471 2188 1741 2243 κηρυκεύμασι
1760 2189 1866 2242 VP)

201 2250 322 2288 codd.
345 2262 400 2286 ex
415 2247 680 2287 correctione
697 2246 809 2297 apud
824 2252 855 2290 Σ
880 2246 979 2295 (ἔδει
999 2246 1079 2298 γὰρ
1098 2247 1225 2286 εἰπεῖν
1240 2246 1304 2285 καὶ
1319 2248 1403 2286 τοῖς
1421 2243 1868 2297 ἐπικηρυκεύμασινούκ

200 2306 249 2345 ἂν
274 2303 446 2349 πίθοιο);
487 2303 629 2340 locum
655 2302 716 2341 sic
744 2301 934 2351 disponit
963 2300 1132 2348 Arnim,
1156 2303 1189 2340 ὁ.
1214 2301 1269 2351 μὴ
1298 2298 1430 2350 ζυγεὶς
1457 2298 1576 2350 φίλος
1602 2314 1645 2349 γ.
1670 2299 1731 2345 ἄν,
1754 2299 1866 2339 κάπι-

199 2357 463 2412 κηρυκεύματι
503 2358 674 2408 ἄγουσιν
711 2357 759 2397 ἂν
798 2363 911 2404 κτλ.,
948 2360 993 2393 et
1034 2355 1259 2406 ἐνώμοτοςε
1307 2353 1522 2403 corruptio
1562 2353 1645 2390 iam
1681 2352 1867 2402 Didymo

198 2412 412 2462 antiquior
531 2424 610 2461 739
631 2414 702 2451 οὐκ
718 2412 767 2452 ἂν
781 2410 908 2451 πίθοιο
934 2409 1037 2458 ‘Ah‚
1057 2423 1141 2448 non
1174 2413 1219 2446 tu
1236 2422 1300 2447 me
1314 2406 1481 2447 audies!
1493 2407 1503 2422 ’
1619 2419 1692 2456 741
1718 2407 1867 2459 ἔδειξας

199 2467 400 2516 Sigonius
549 2469 593 2506 ἐν
613 2465 754 2518 λόγοις
775 2465 810 2503 L
825 2465 859 2503 P
877 2478 886 2503 z
916 2465 945 2504 ὦ
966 2463 1084 2517 γύναι
1104 2463 1144 2502 Α
1159 2464 1199 2502 V
1215 2463 1278 2501 ΒΖ
1460 2475 1537 2511 743
1568 2460 1868 2512 ἀσφαλέστατα

197 2522 390 2560 AVBl:
432 2519 723 2573 ἀσφαλέστερα
753 2520 787 2558 L
805 2520 877 2558 Pv
1036 2531 1115 2568 745
1154 2516 1190 2558 τ’
1223 2519 1341 2571 ἄραρε
1369 2516 1532 2555 AVB:
1572 2517 1606 2556 δ’
1637 2517 1755 2568 ἄρηρε
1786 2517 1866 2554 LP

199 2578 278 2625 746
307 2575 448 2627 ὄμνυμι
468 2575 509 2614 Α
528 2588 623 2614 cum
646 2574 838 2613 Eustath.
863 2574 912 2614 Il.
934 2587 974 2624 p.
997 2577 1078 2624 436
1210 2590 1277 2626 γρ.
1298 2572 1417 2621 ἡλίου
1437 2572 1471 2611 θ’
1492 2571 1619 2623 ἆγνὺν
1639 2569 1765 2617 σέβας
1784 2575 1815 2614 Σ
1830 2570 1865 2608 Β

198 2637 241 2669 et
263 2630 303 2668 in
324 2630 512 2679 margine
532 2630 570 2668 l:
600 2629 697 2668 vide
720 2635 807 2669 not.
827 2629 881 2667 ad
896 2643 933 2668 v.
955 2640 1032 2678 752
1160 2630 1239 2676 748
1269 2626 1394 2680 &paim
1411 2625 1451 2664 A
1468 2642 1526 2666 ειν
1545 2637 1755 2675 suprascr.
1779 2625 1835 2663 Α1
1855 2638 1864 2663 :

195 2686 251 2736 μὴ
272 2688 413 2738 δρᾶσαι
436 2684 470 2722 Ρ
489 2696 700 2735 suprascr.
726 2698 752 2723 v
919 2695 993 2732 751
1029 2681 1105 2733 ζῶν
1126 2681 1160 2720 Ρ
1181 2687 1224 2720 et
1243 2682 1338 2720 sine
1359 2679 1485 2719 dubio
1509 2679 1543 2718 L
1561 2693 1570 2718 ε
1603 2681 1681 2730 γῆς
1700 2695 1764 2732 γρ.
1789 2678 1866 2730 ζῶν

195 2740 235 2778 l:
268 2742 346 2791 γῆς
376 2738 515 2778 AVB
683 2750 761 2788 752
794 2741 914 2791 ynam
944 2738 984 2775 A
1015 2754 1063 2778 αν
1091 2747 1303 2786 suprascr.
1334 2733 1388 2772 A¹
1506 2733 1646 2774 Ἡλίου
1675 2733 1708 2774 θ’
1739 2733 1865 2785 ἁγνὸν

197 2793 324 2842 σέβας
349 2793 516 2833 Porson
548 2807 572 2832 e
603 2793 767 2832 scholio
797 2793 851 2831 ad
872 2806 910 2832 v.
935 2793 1014 2841 746
1034 2791 1142 2829 male
1172 2789 1414 2839 adscripto:
1453 2788 1639 2841 λαμπρὸν
1667 2787 1786 2836 ἡλίου
1814 2803 1863 2828 τε

196 2853 280 2901 φῶς
300 2847 339 2885 Α
354 2848 387 2886 L
402 2847 460 2889 P:
490 2845 675 2898 λαμπρόν
694 2846 727 2886 θ’
750 2846 869 2894 ἡλίου
889 2843 991 2898 φάος
1010 2843 1048 2882 V
1064 2844 1126 2885 D:
1157 2843 1342 2895 λαμπρὸν
1362 2841 1479 2890 ἡλίου
1501 2840 1602 2894 φάος
1624 2842 1659 2880 Β
1680 2856 1689 2882 :
1719 2840 1861 2892 ὄμνυμι

195 2903 313 2955 γαίας
334 2901 507 2944 δάπεδον
527 2902 646 2951 ἡλίου
664 2918 712 2941 τε
732 2905 816 2952 φῶς
837 2899 1029 2938 Badham
1157 2909 1236 2947 753
1268 2894 1453 2947 ἐμμένειν
1473 2896 1594 2935 codd.
1710 2894 1767 2937 οἷς
1788 2910 1861 2936 σου

197 2956 304 2998 κλύω
327 2956 507 2996 Ξεὴὲἱίει·
675 2966 752 3005 755
783 2957 943 3008 βροτοῖς
965 2955 998 2992 L
1012 2954 1045 2992 P
