2118 3366
838 94 1155 142 ΚΤΚΛΩΨ

287 219 350 289 ἢν
381 223 424 276 δ’
454 224 668 296 ἐλλίπῃς
695 243 759 283 τι,
791 220 996 289 ξηρανεῖ
1023 221 1073 272 σ’
1104 222 1130 272 ὁ
1162 220 1394 290 Βάκχιος.
1754 238 1833 281 575

168 312 258 361 Κυ.
293 308 368 360 ἰοὺ
399 307 489 368 ἰού,

293 392 359 445 ὣς
389 390 626 457 ἐξένευσα
654 391 817 458 μόγις·
862 389 1074 457 ἄκρατος
1102 389 1132 455 ἡ
1163 387 1324 458 χάρις.

293 476 321 527 ὃ
350 474 391 527 δ’
422 474 628 542 οὐρανός
655 496 740 541 μοι
769 473 1173 541 συμμεμιγμένος
1202 478 1339 526 δοκεῖ

291 566 352 633 τῇ
380 567 446 632 γῇ
477 558 738 627 φέρεσθαι,
771 563 858 610 τοῦ
889 558 1013 612 Διός
1043 580 1097 610 τε
1126 557 1214 610 τὸν
1245 557 1421 624 θρόνον

287 643 511 703 λεύσσω,
544 642 600 694 τὸ
630 646 730 695 πᾶν
759 664 815 695 τε
844 643 1091 708 δαιμόνων
1122 641 1277 709 ἁγνὸν
1309 640 1487 707 σέβας.
1751 648 1832 698 580

288 726 449 779 -οὗκ
479 726 540 780 ἂν
570 725 987 794 φιλήσαιμ’·--αἱ
1018 725 1232 794 Χάριτες
1262 726 1478 793 πειρῶσί
1502 746 1657 790 μευ-

290 810 402 866 ἅλις
433 809 724 877 Γανυμήδην
753 811 886 864 τόνδ’
917 810 1052 879 ἔχων
1083 810 1453 875 ἀναπαύσομαι.

290 895 556 955 κάλλιστα,
590 894 648 959 νὴ
680 897 768 949 τὰς
799 894 1293 963 Χάριτας-ἥδομαι
1323 893 1377 946 δέ
1407 915 1511 948 πως

287 985 392 1034 τοῖς
421 984 695 1033 παιδικοῖσι
724 984 923 1046 μᾶλλον
952 975 983 1044 ἢ
1014 984 1119 1034 τοῖς
1150 978 1375 1044 θήλεσιν.

165 1065 241 1114 Σι.
291 1064 389 1131 ἐγὼ
419 1065 515 1131 γὰρ
545 1065 571 1114 ὁ
603 1064 726 1118 Διός
757 1066 857 1130 εἶμι
887 1063 1193 1129 Γανυμήδης,
1229 1064 1481 1130 Κύκλωψ,·
1753 1069 1832 1120 585

165 1146 253 1199 Κυ.
285 1148 367 1200 ναὶ
395 1149 464 1213 μᾶ
497 1147 602 1207 Δί’,
636 1146 691 1199 ὃν
724 1147 925 1215 ἁρπάζω
956 1147 1004 1215 γ’
1036 1149 1134 1215 ἐγὼ
1165 1147 1210 1199 ’κ
1238 1152 1324 1199 τοῦ
1356 1146 1635 1214 Δαρδάνου.

163 1234 240 1283 Σι.
287 1232 545 1291 ἀπόλωλα,
578 1236 764 1285 παῖδες·
813 1231 1031 1300 σχέτλια
1061 1233 1301 1298 πείσομαι
1333 1231 1472 1284 κακά.

164 1318 254 1367 Κυ.
283 1314 459 1388 μέμφῃ
488 1314 575 1368 τὸν
606 1315 822 1383 ἐραστὴν
854 1318 1140 1387 κᾶντρυφᾷς
1169 1316 1445 1377 πεπωκότι,·

163 1402 238 1450 Σι.
285 1400 434 1466 οἴμοι·
479 1401 775 1467 πικρότατον
806 1401 938 1453 οἶνον
970 1403 1163 1468 ὄψομαι
1192 1400 1339 1469 τάχα.

161 1531 254 1581 Οδ.
284 1529 377 1597 ἄγε
404 1528 479 1595 δή,
515 1532 765 1583 Διονύσου
797 1536 996 1591 παῖδες,
1022 1531 1195 1599 εὐγενῆ
1226 1531 1390 1591 τέκνα,
1752 1547 1834 1590 590

286 1615 428 1667 ἔνδον
456 1617 548 1680 μὲν
578 1613 716 1682 ἁνήρ·
763 1621 830 1686 τῷ
863 1615 905 1667 δ’
935 1617 1072 1685 ὕπνῳ
1104 1615 1399 1683 παρειμένος

285 1697 399 1767 τάχ’
430 1697 488 1763 ἐξ
514 1700 739 1753 ἆναιδοῦς
772 1699 996 1767 φάρυγος
1028 1698 1215 1764 ὠθήσει
1247 1699 1378 1766 κρέα.

286 1782 439 1836 δαλὸς
469 1782 511 1835 δ’
543 1783 732 1836 ἔσωθεν
764 1784 949 1836 αὐλίων
981 1779 1180 1836 ῒώθεῖῨ
1212 1784 1399 1837 καπνὸν

284 1866 719 1934 παρευτρέπισται·
769 1869 939 1921 κούδὲν
971 1868 1100 1920 ἄλλο
1131 1868 1265 1934 πλὴν
1295 1874 1477 1936 πυροῦν

285 1950 561 2006 Κύκλωπος
592 1954 730 2020 ὄψιν·
777 1952 893 2004 ἀλλ’
925 1954 1058 2006 ὅπως
1088 1952 1211 2020 ἀνὴρ
1241 1953 1350 2025 ἔσῃ.
1750 1971 1829 2011 595

157 2036 252 2086 Χο.
282 2033 464 2103 πέτρας
492 2035 549 2088 τὸ
578 2040 717 2102 λῆμα
749 2035 1058 2102 κᾶὃάμαντος
1089 2036 1280 2103 ἕξομεν.

282 2119 437 2187 χώρει
466 2118 508 2171 δ’
539 2122 589 2174 ἐς
620 2122 796 2181 οἴκους,
832 2121 947 2188 πρίν
978 2143 1026 2174 τι
1057 2121 1144 2173 τὸν
1175 2121 1365 2189 πατέρα
1395 2125 1571 2175 παθεῖν

282 2203 594 2270 ἀπάλαμνον·
641 2205 706 2259 ὥς
739 2227 822 2257 σοι
853 2205 1054 2258 τάνθάδ’
1088 2206 1227 2258 ἐστὶν
1258 2207 1482 2273 εὐτρεπῆ.

157 2290 248 2340 Οδ.
272 2286 541 2356 “Ηφαιστ’,
574 2288 705 2354 ἄναξ
732 2290 948 2350 Αἷτναῖε,
984 2291 1208 2358 γείτονος
1240 2296 1387 2343 κακοῦ

279 2372 511 2441 λαμπρὸν
540 2374 775 2441 πυρώσας
805 2374 920 2440 ὄμμ’
953 2374 1309 2444 ἆπαλλάχθηθ’
1341 2372 1489 2439 ἅπαξ,
1746 2381 1829 2421 600

282 2457 349 2510 σύ
376 2457 437 2518 τ’,
471 2456 509 2510 ὦ
538 2459 779 2524 μελαίνης
810 2458 1006 2513 Νυκτὸς
1039 2460 1336 2525 ἐκπαίδευμ’,
1361 2458 1539 2519 ”Ύ“πνε,

209 2586 289 2624 575
318 2575 492 2628 ἐλλίπῃς
513 2575 787 2616 Herwerden
806 2590 814 2615 :
853 2576 1021 2632 ἐκλίπῃς
1044 2578 1077 2617 L
1092 2577 1126 2617 P
1321 2579 1400 2628 583
1430 2577 1604 2619 κάλλιον
1622 2576 1647 2626 ἢ
1667 2575 1826 2617 Weck-

153 2627 239 2667 lein
377 2631 458 2679 586
485 2632 560 2679 τῆς
581 2631 785 2685 Δαρδάνου
807 2631 1032 2671 Hermann
1056 2633 1128 2685 (an
1158 2638 1240 2675 τῶν
1270 2641 1316 2674 Δ.
1334 2636 1366 2683 3)
1498 2634 1579 2682 588
1599 2634 1827 2687 κᾶντρυφᾷς

154 2683 361 2725 πεπωκότι
382 2685 635 2726 Casaubon:
677 2688 922 2740 κᾶντρυφαῖς
940 2688 1160 2730 πεπωκότα
1180 2689 1215 2727 L
1230 2689 1264 2727 P
1482 2689 1562 2737 589
1600 2692 1658 2730 Σι.
1680 2700 1826 2738 apogr.

154 2737 309 2779 Paris.:
332 2738 450 2779 nulla
465 2746 567 2780 nota
583 2742 626 2779 in
645 2741 726 2780 LP
838 2753 920 2791 590
949 2741 1148 2783 Διονύσου
1162 2743 1212 2782 P:
1239 2742 1433 2784 διωνύσου
1451 2742 1485 2780 L
1595 2754 1673 2792 591
1706 2741 1825 2795 ἀνὴρ]

154 2792 253 2846 ἀνὴρ
277 2793 310 2832 L
324 2793 358 2832 P
510 2807 591 2846 592
622 2795 830 2850 φάρυγγος
847 2797 881 2835 L
896 2797 929 2835 P
1078 2809 1158 2847 593
1189 2797 1284 2839 ὠθεῖ
1300 2804 1543 2848 suspectum
1560 2796 1684 2849 (εἰν.
1698 2797 1795 2848 592)
1818 2811 1827 2836 :

153 2847 273 2900 τύφει
308 2849 519 2898 Schenkl;
569 2847 647 2890 secl
686 2850 854 2890 videtur
896 2851 1166 2902 participium
1214 2853 1383 2901 deesse,
1424 2866 1459 2891 e.
1473 2864 1514 2902 g.
1556 2851 1828 2901 καπνούμενος

151 2912 233 2952 594
276 2902 419 2944 κούδὲν
455 2904 702 2946 Kirchhoff:
752 2906 786 2947 δ’
822 2905 938 2947 οὐδὲν
974 2906 1058 2945 LP
1237 2908 1319 2958 598
1363 2905 1600 2958 ἀπάλαμνον
1641 2907 1825 2946 Canter:

152 2957 426 3010 ἆπαλλαγμδν
446 2958 481 2998 L
494 2958 529 2998 P
