2118 3366
754 90 1246 144 ΗΡΑΚΛΕῙΔᾹῙ

373 224 471 293 χρὴ
502 227 843 291 γνωσιμαχεῖν
873 220 964 286 τὴν
993 219 1208 287 ἡλικίαν,

374 310 436 360 τὰ
465 307 506 359 δ’
538 304 751 374 ἆμήχαν’
782 307 885 357 ἐᾶν·
931 306 1025 357 οὐκ·
1049 306 1188 357 ἔστιν
1218 306 1352 359 ὅπως

458 390 593 457 ἥβην
626 387 784 462 κτήσῃ
815 388 968 442 πάλιν
998 390 1155 443 αὖθις.

166 513 261 562 Αλ.
294 511 345 562 τί
370 513 540 578 χρῆμα
566 508 772 576 μέλλεις
803 513 908 560 σῶν
939 512 1137 580 φρενῶν
1167 507 1252 559 οὐκ
1284 507 1425 560 ἔνδον
1459 505 1528 559 ὢν

291 598 459 646 λιπεῖν
487 593 538 660 μ’
569 592 751 660 ἔρημον
783 592 877 645 σὺν
907 590 1097 646 τέκνοις
1129 593 1288 657 ἐμοῖς,·
1325 631 1336 643 .
1367 631 1380 643 .
1454 638 1456 640 ,
1753 606 1835 647 710

169 681 237 729 Io.
297 678 488 744 ἀνδρῶν
517 678 612 744 γὰρ
644 674 790 741 ἀλκή·
839 676 922 727 σοὶ
953 678 1006 728 δὲ
1036 678 1162 743 χρῆν
1192 675 1378 727 τούτων
1406 673 1596 740 μέλειν.

168 765 261 813 Αλ.
295 762 348 813 τί
375 761 443 821 δ’,·
489 757 550 825 ἢν
583 759 734 832 θάνῃς
766 759 846 819 σύ,
880 765 984 814 πῶς
1015 760 1112 826 ἐγὼ
1144 757 1464 823 σωθήσομαι,·

169 849 241 897 Ιο.
299 844 473 899 παιδὸς
501 842 713 910 μελήσει
743 845 889 896 παισὶ
921 848 1024 896 τοῖς
1052 841 1412 908 λελειμμένοις.

169 932 265 980 Αλ.
295 924 357 993 ἢν
386 928 428 980 δ’
461 928 562 988 οὖν,
596 926 622 979 ὃ
651 927 717 992 μὴ
749 927 960 994 γένοιτο,
993 924 1282 994 χρήσωνται
1311 926 1437 997 τύχῃ
1446 947 1462 986 ;

170 1017 239 1063 Io.
299 1011 478 1063 οἵδ’·οὗ
507 1011 853 1078 προδώσουσίν
884 1033 959 1071 σε,
993 1010 1060 1075 μὴ
1092 1009 1287 1080 τρέσῃς,
1323 1007 1472 1072 ξένοι.
1757 1023 1836 1065 7¹5

171 1099 265 1147 Αλ.
297 1095 510 1147 τοσόνδε
539 1094 634 1162 γάρ
666 1117 744 1146 τοι
774 1093 975 1162 θάρσος,
1009 1093 1150 1145 οὐδὲν
1180 1092 1296 1145 ἄλλ’
1327 1093 1446 1161 ἔχω.

171 1184 239 1231 Io.
302 1179 381 1230 καὶ
412 1178 536 1244 Ζηνὶ
566 1184 665 1231 τῶν
697 1184 817 1239 σῶν,
850 1178 940 1230 οἶδ’
972 1178 1085 1245 ἐγώ,
1118 1176 1262 1243 μέλει
1291 1178 1472 1230 πόνων.

171 1266 267 1314 Αλ.
299 1267 411 1331 φεῦ·

298 1347 423 1401 Ζεὺς
454 1345 513 1411 ἐξ
538 1349 659 1412 ἐμοῦ
687 1349 779 1412 μὲν
809 1346 895 1397 οὐκ
925 1346 1190 1397 ἀκούσεται
1221 1350 1395 1399 κακῶς·

297 1432 341 1483 εἰ
370 1429 413 1482 δ’
444 1431 585 1482 ἐστὶν
614 1431 755 1484 ὅσιος
786 1429 929 1483 αὐτὸς
959 1430 1091 1481 οἶδεν
1122 1431 1191 1482 εἷς
1222 1428 1326 1494 ἐμέ.

174 1553 266 1603 Θε.
299 1550 471 1602 ὅπλων
499 1551 591 1615 μὲν
619 1547 711 1613 ἤδη
743 1547 876 1613 τήνδ’
909 1549 1026 1618 ὁρᾷς
1056 1549 1374 1614 παντευχίαν,
1759 1561 1840 1602 720

300 1632 511 1701 φθάνοις
539 1632 580 1684 δ’
612 1632 674 1685 ἂν
705 1634 791 1685 οὐκ
823 1632 883 1683 ἂν
914 1636 1084 1683 τοῖσδε
1117 1631 1442 1698 συγκρύπτων
1474 1629 1640 1696 δέμας·

300 1717 365 1771 ὣς
397 1716 544 1785 ἐγγὺς
575 1717 727 1785 ἁγών,
763 1716 842 1767 καὶ
871 1714 1076 1781 μάλιστ’
1105 1714 1260 1782 Ἀρης
1291 1718 1464 1781 στυγεῖ

298 1800 595 1868 μέλλοντας·
642 1803 685 1854 εἶ
716 1803 769 1853 δὲ
798 1799 1015 1868 τευχέων
1046 1805 1189 1872 φοβῇ
1218 1798 1391 1865 βάρος,

300 1891 387 1938 νῦν
414 1888 505 1951 μὲν
535 1885 745 1953 πορεύου
774 1885 972 1951 γυμνός,
1008 1885 1060 1935 ἐν
1091 1886 1142 1934 δὲ
1174 1881 1381 1947 τάξεσιν

303 1970 472 2040 κόσμῳ
503 1969 717 2033 πυκάζου
746 1969 876 2038 τῷδ’·
925 1968 1021 2034 ἐγὼ
1053 1967 1094 2019 δ’
1125 1969 1248 2019 οἴσω
1278 1965 1416 2020 τέως.
1763 1979 1840 2020 725

178 2059 245 2107 Io.
308 2059 470 2108 καλῶς
500 2052 691 2118 ἔλεξας·
738 2052 852 2105 ἀλλ’
884 2053 992 2117 ἐμοὶ
1023 2049 1244 2119 πρόχειρ’
1275 2050 1407 2119 ἔχων

301 2138 452 2206 τεύχη
487 2138 668 2204 κόμιζε,
700 2138 830 2205 χειρὶ
861 2136 902 2187 δ’
934 2135 1072 2189 ἔνθες
1101 2135 1266 2200 ὀξύην,

302 2223 448 2274 λαιόν
477 2221 519 2274 τ’
553 2221 723 2287 ἔπαιρε
753 2224 932 2289 πῆχυν,
968 2220 1183 2272 εὐθύνων
1213 2220 1358 2270 πόδα.

180 2311 272 2360 Θε.
303 2305 334 2371 ἦ
365 2310 701 2374 παιδαγωγεῖν
729 2307 824 2373 γὰρ
855 2304 942 2356 τὸν
973 2305 1183 2368 ὁπλίτην
1212 2303 1399 2371 χρεών;

180 2396 249 2443 Io.
309 2393 503 2458 ὄρνιθος
536 2389 693 2443 οὕνεκ’
728 2391 975 2456 ἀσφαλῶς
1005 2386 1286 2455 πορευτέον.
1764 2399 1845 2440 730

178 2479 272 2528 ’Θε.
305 2474 394 2528 εἴθ’
427 2473 562 2540 ἦσθα
591 2473 796 2528 δυνατὸς
827 2476 945 2540 δρᾶν
975 2473 1099 2524 ὅσον
1129 2472 1377 2539 πρόθυμος
1407 2470 1466 2522 εἶ.

181 2563 248 2611 Io.
310 2559 497 2627 ἔπειγε·
540 2559 768 2626 λειφθεὶς
799 2558 935 2609 δεινὰ
965 2557 1203 2621 πείσομαι
1231 2554 1411 2622 μάχης.

182 2647 273 2696 Θε.
311 2642 377 2694 σύ
404 2664 483 2695 τοι
511 2643 790 2710 βραδύνεις,
823 2641 909 2693 οὐκ
942 2641 1038 2707 ἐγὼ
1070 2643 1196 2691 δοκῶ
1226 2661 1276 2690 τι
1306 2642 1442 2705 δρᾶν.

236 2773 318 2810 710
346 2760 418 2801 Sic
442 2760 522 2800 LP
611 2759 791 2801 τέκνοισι
811 2763 895 2800 τοῖς
917 2761 1026 2809 ἐμοῖς
1041 2757 1222 2797 Aldina:
1255 2755 1377 2809 γέρον
1396 2755 1493 2794 add.
1516 2753 1715 2802 Hartung
1735 2766 1743 2791 :
1774 2753 1849 2793 σὺν

181 2814 383 2869 (τέκνου)
401 2832 439 2855 τ.
463 2818 494 2856 ἐ.
519 2815 664 2854 Vitelli
857 2826 933 2863 711
966 2814 1047 2865 χρὴ
1068 2825 1214 2862 apogr.
1239 2811 1373 2850 Paris.
1576 2821 1656 2857 713
1684 2806 1848 2856 μελήσῃ

184 2870 219 2910 L
233 2869 294 2908 P:
323 2878 431 2909 corr.⁴
450 2869 467 2908 l
573 2870 689 2910 παισὶ
710 2869 896 2907 Canter:
928 2870 1029 2908 πᾶσι
1049 2865 1084 2905 L
1098 2867 1132 2904 P
1269 2878 1344 2915 721
1380 2865 1454 2905 σὺν
1474 2862 1659 2917 κρύπτων
1680 2861 1849 2899 Dobree

184 2924 350 2977 (mim.
377 2923 430 2976 Ρ)
600 2936 678 2973 722
709 2924 819 2976 ἀγὼν
839 2921 921 2961 LP
1097 2933 1176 2971 724
1204 2919 1282 2971 μὲν
1302 2919 1364 2958 L:
1395 2917 1439 2959 δὲ
1461 2916 1497 2956 Ρ
1611 2928 1690 2967 733
1720 2918 1816 2956 κούκ
1833 2913 1853 2954 l

184 2982 313 3021 δοκῶν
330 2978 546 3029 Tyrwhitt
