2118 3366
841 85 1164 134 ΚΎΚΛΩΨ

171 219 262 267 Οδ.
292 212 386 282 ἄγε
415 235 502 268 νυν
530 214 665 269 ὅπως
695 212 896 281 ἄψεσθε
924 218 1011 265 τοῦ
1041 217 1197 265 δαλοῦ
1224 219 1395 282 χεροῖν
1751 224 1839 278 630

296 298 400 351 ἔσω
428 299 685 363 μολόντες·
731 297 967 364 διάπυρος
996 297 1040 349 δ’
1072 297 1214 349 ἐστὶν
1245 304 1423 352 καλῶς.

171 385 262 434 Χο.
293 381 468 434 οὐκοῦν
498 382 564 434 σὺ
592 378 757 445 τάξεις
787 382 1021 435 οὕστινας
1050 381 1272 448 πρώτους
1300 382 1465 449 χρεὼν

297 465 476 518 καυτὸν
504 464 699 534 μοχλὸν
728 465 986 531 λαβόντας
1017 464 1211 516 ε’κκάειν
1241 464 1298 516 τὸ
1329 470 1438 532 φῶς

296 549 586 608 Κύκλωπος,
621 549 687 603 ὦς
717 548 779 601 ἂν
808 552 895 614 τῆς
923 548 1078 617 τύχης
1110 548 1410 613 κοινώμεθα,·

168 632 261 684 Χοῗ
291 632 432 698 ἡμεῖς
460 632 552 699 μέν
582 634 736 699 ἐσμεν
766 631 1050 701 μακροτέρω
1082 631 1177 699 πρὸ
1207 637 1306 684 τῶν
1337 636 1496 700 θυρῶν
1755 639 1836 692 635

295 719 510 771 ἑστῶτες
542 716 687 769 ὠθεῖν
719 719 770 772 ἐς
800 716 888 769 τὸν
918 716 1184 784 ὀφθαλμὸν
1214 716 1271 768 τὸ
1301 721 1412 784 πΰρ.

166 789 269 852 Xo‘.3
290 799 432 866 ἡμεῖς
461 803 515 853 δὲ
544 801 709 869 χωλοί
733 800 782 868 γ’
813 802 992 867 ἀρτίως
1021 799 1348 868 γεγενήμεθα.

167 875 268 935 xo?
291 884 472 937 ταύτὸν
501 883 768 938 πεπόνθατ’
799 884 876 951 ἆρ’
909 885 1034 951 ἐμοί·
1081 884 1196 939 τοὺς
1225 886 1321 952 γὰρ
1352 886 1510 940 πόδας

292 971 508 1023 ἑστῶτες
540 968 866 1035 ἐσπάσθημεν
897 968 984 1021 οὐκ
1013 969 1105 1021 οἶδ’
1136 968 1196 1034 ἐξ
1222 970 1353 1021 ὅτου.

167 1056 259 1105 Οδ.
290 1055 507 1108 ἑστῶτες
538 1052 851 1119 ἐσπάσθητε;
1024 1043 1123 1105 Χοῗ
1208 1053 1288 1105 καὶ
1318 1051 1379 1105 τά
1409 1052 1455 1121 γ’
1486 1055 1682 1120 ὄμματα
1753 1059 1838 1114 640

290 1135 436 1203 μέστ’
467 1139 608 1190 ἐστὶν
637 1138 754 1204 ἡμῖν
786 1139 954 1191 κόνεος
983 1133 1013 1202 ἢ
1045 1136 1232 1205 τέφρας
1260 1136 1431 1190 ποθέν.

166 1224 257 1273 Οδ.
290 1220 465 1289 ἄνδρες
496 1222 704 1290 πονηροὶ
734 1222 907 1274 κούδὲν
938 1223 1043 1275 οἵδε
1074 1222 1346 1291 σύμμαχοι.

165 1309 259 1358 Χο.
291 1305 397 1370 ὁτιὴ
427 1305 485 1358 τὸ
514 1311 674 1359 νῶτον
702 1306 793 1371 τὴν
821 1305 972 1375 ῥάχιν
1002 1305 1045 1358 τ’
1078 1307 1357 1374 οἷκτίρομεν

220 1459 222 1461 ¹
294 1390 375 1442 καὶ
402 1390 517 1445 τοὺς
545 1391 750 1445 ὀδόντας
780 1393 1021 1456 ἐκβαλεῖν
1050 1390 1107 1442 οὗ
1137 1392 1391 1457 βούλομαι

198 1484 203 1492 ’
273 1475 608 1541 τυπτόμενος,
641 1476 762 1541 αὕτη
792 1476 1018 1543 γίγνεται
1050 1476 1286 1541 πονηρία;
1755 1482 1835 1534 645

292 1558 410 1610 ἀλλ’
442 1558 532 1612 οἶδ’
565 1559 759 1629 ἐπῳδὴν
791 1558 1023 1627 Ὀρφέως
1054 1559 1248 1626 ἀγαθὴν
1279 1558 1422 1620 πάνυ,

198 1690 204 1699 ,ζ
249 1703 251 1705 r
292 1643 359 1697 ὥς
389 1643 665 1709 αὐτόματον
693 1643 780 1696 τὸν
811 1643 965 1695 δαλὸν
997 1646 1048 1698 ἐς
1078 1643 1135 1695 τὸ
1167 1645 1366 1711 κρανίον

292 1727 545 1796 στείχονθ’
574 1727 823 1795 ὑφάπτειν
853 1727 939 1780 τὸν
968 1733 1178 1793 μονῶπα
1208 1733 1359 1780 παῖδα
1388 1732 1496 1795 γῆς.

165 1812 258 1863 Οδ.
289 1810 448 1863 πάλαι
475 1813 567 1877 μὲν
596 1811 688 1883 ᾔδη
722 1811 771 1864 σ’
800 1813 922 1864 ὄντα
951 1817 1174 1865 τοιοῦτον
1206 1812 1373 1879 φύσει,

227 1961 230 1964 ψ
293 1899 380 1948 νῦν
409 1894 452 1947 δ’
483 1895 575 1948 οἶδ’
605 1895 823 1962 ἄμεινον.
912 1902 1046 1949 τοῖσι
1078 1896 1118 1948 δ’
1151 1898 1349 1950 οἰκείοις
1380 1897 1552 1964 φίλοις
1750 1902 1834 1954 650

227 1967 232 1983 ¹
292 1980 518 2048 χρῆσθαί
540 1979 590 2046 μ’
623 1979 830 2048 ἀνάγκη.
919 1982 1050 2050 χειρὶ
1082 1980 1124 2033 δ’
1156 1983 1198 2033 εἰ
1226 1983 1380 2046 μηδὲν
1413 1980 1625 2040 σθένεις,
1679 2031 1685 2039 ⁴,

292 2063 408 2116 ἀλλ’
439 2064 528 2116 οὖν
555 2063 855 2132 ἐπεγκέλευέ
884 2065 947 2132 γ’,
981 2065 1046 2119 ὡς
1079 2065 1328 2133 εὐψυχίαν

292 2149 458 2215 φίλων
491 2154 782 2215 κελευσμοῖς
812 2154 948 2202 τοῖσι
978 2154 1086 2203 σοῖς
1118 2150 1426 2215 κτησώμεθα.

165 2235 258 2284 Χο.
290 2231 457 2300 δράσω
488 2232 608 2285 τάδ’.
700 2236 754 2286 ἐν
784 2238 850 2303 τῷ
885 2234 1012 2301 Καρὶ
1044 2233 1439 2299 κινδυνεύσομεν.

218 2388 220 2390 Ι
294 2307 645 2383 κελευσμάτων
677 2317 719 2370 δ’
751 2318 889 2370 ἕκατι
918 2316 1155 2386 τυφέσθω
1190 2318 1434 2384 Κύκλωψ.
1752 2307 1831 2374 655

218 2434 299 2483 633
348 2435 497 2476 καυτὺν
535 2435 758 2486 Scaliger:
802 2436 867 2477 καὶ
905 2436 978 2476 τὸν
1014 2435 1094 2474 LP
1315 2435 1507 2484 635-640
1549 2432 1733 2472 Codices
1772 2433 1834 2472 sic

165 2487 435 2529 distribuunt.
491 2491 572 2540 635
601 2496 674 2531 Χο.
702 2492 818 2541 ἡμεῖς
846 2520 855 2530 .
878 2520 888 2530 .
911 2521 920 2530 .
950 2494 1041 2543 πῦρ.
1097 2491 1177 2540 637
1210 2496 1287 2540 Ημ.
1319 2489 1433 2539 ἡμεῖς
1461 2518 1470 2527 .
1493 2519 1502 2528 .
1526 2518 1536 2528 .
1565 2487 1834 2541 γεγενήμεθα.

163 2544 246 2592 638
275 2547 345 2586 Οδ.
374 2546 526 2586 ταύτὸν
556 2575 565 2585 .
593 2574 603 2584 .
626 2575 635 2584 .
667 2545 767 2596 ἐμοί.
825 2552 897 2586 Χο.
926 2545 1021 2586 τοὺς
1048 2545 1128 2598 γὰρ
1158 2574 1165 2583 .
1189 2574 1198 2583 .
1227 2575 1236 2583 .
1269 2544 1375 2584 ὅτου.
1432 2544 1515 2592 640
1550 2546 1619 2584 Οδ.
1655 2545 1835 2584 ἑστῶτες

166 2596 412 2647 ἐσπάσθητε.
464 2607 538 2642 Χο.
563 2601 644 2652 (sic
665 2600 754 2639 lP:
786 2601 896 2639 idem
925 2606 1029 2650 puto
1059 2600 1110 2650 L)
1142 2600 1206 2639 καὶ
1234 2598 1285 2639 τά
1309 2598 1351 2650 γ’
1373 2627 1384 2636 .
1409 2627 1418 2636 .
1446 2626 1455 2637 .
1481 2597 1625 2644 ποθέν;
1664 2610 1832 2637 correx.

165 2652 403 2702 Brodaeus,
426 2653 669 2702 Musgrave,
691 2653 775 2692 alii.
836 2653 970 2692 Nobis
995 2658 1196 2703 quattuor
1217 2653 1448 2691 Choreutae
1469 2651 1671 2690 videntur
1690 2651 1833 2701 loqui3

165 2707 322 2756 deinde
351 2710 431 2758 643
462 2709 743 2758 Coryphaeus
934 2710 1016 2757 635
1054 2706 1287 2760 μακροτέρω
1319 2705 1556 2745 Matthiae:
1593 2705 1834 2759 μακρότεροι

165 2760 201 2799 L
216 2761 250 2800 P
271 2763 428 2816 (-τερον
448 2762 700 2812 Musgrave:
732 2761 870 2816 -τέραν
890 2762 1045 2804 Cobet)
1269 2762 1349 2810 637
1379 2760 1511 2812 χωλοί
1538 2760 1574 2800 l:
1604 2760 1729 2812 χολοί
1751 2760 1832 2799 LP

163 2817 242 2865 641
274 2814 392 2867 μέστ’
414 2818 531 2858 ἐστὶν
557 2815 773 2867 Scaliger:
801 2817 998 2868 μέτεστιν
1025 2814 1109 2856 LP
1274 2817 1370 2866 ἡμῖν
1396 2815 1585 2855 Barnes:
1616 2816 1730 2865 ἡμῶν
1751 2814 1834 2853 LP

165 2869 303 2912 κόνεος
342 2870 593 2926 Musgrave:
640 2871 786 2912 κόνεως
828 2871 910 2910 LP
1128 2873 1212 2922 649
1258 2869 1338 2925 ᾔδη
1378 2869 1549 2910 Heath:
1596 2869 1712 2924 ᾔδειν
1749 2867 1834 2909 LP

162 2926 244 2975 654
273 2924 554 2969 κινδυνευτέον
572 2926 706 2967 schol.
732 2926 840 2966 Plat.
863 2939 902 2976 p.
927 2938 1047 2977 922a
