2118 3366
886 98 1326 148 ΕΥΡΙΠΙΔΟΥ

393 230 664 293 τροφαῖσιν
693 226 760 280 ὥς
789 247 863 280 τις
894 227 1107 293 πτόρθος
1136 224 1370 292 ηὗξόμην,
1404 226 1577 281 τάλας·
1882 243 1936 272 20

395 310 502 362 ἐπεὶ
533 311 587 361 δὲ
617 310 773 377 Τροία
804 310 848 361 θ’
871 308 1117 376 “Εκτορός
1146 309 1189 362 τ’
1220 311 1500 363 ἀπόλλυται

392 391 551 460 ψυχή,
585 390 785 463 πατρῴα
815 393 859 444 θ’
892 395 1037 446 ἑστία
1068 393 1378 462 κατεσκάφη,

393 475 538 530 αὐτὸς
568 479 622 528 δὲ
652 481 808 546 βωμῷ
840 476 965 544 πρὸς
996 476 1247 547 θεοδμήτῳ
1278 479 1441 531 πίτνει

392 560 610 627 σφαγεὶς
641 559 925 628 Ἀχιλλέως
956 560 1132 631 παιδὸς
1163 563 1216 613 ἐκ
1246 562 1532 629 μιαιφόνου,

392 645 569 696 κτείνει
599 666 662 709 με
690 649 883 712 χρυσοῦ
913 644 999 696 τὸν
1029 646 1348 712 ταλαίπωρον
1377 644 1527 713 χάριν
1884 660 1935 699 25

393 726 534 792 ξένος
563 733 788 798 πατρῷος
821 730 900 781 καὶ
932 730 1124 781 κτανὼν
1156 731 1207 783 ἐς
1236 729 1363 795 οἶδμ’
1395 728 1517 783 ἁλὸς

390 811 587 880 μεθῆχ’,
621 812 682 863 ἵν’
713 812 860 865 αὐτὸς
890 812 1087 880 χρυσὸν
1119 815 1182 870 ἐν,
1202 814 1377 879 δόμοις
1405 813 1526 884 ἔχῃ.Δ

393 901 555 960 κεῖμαι
586 895 627 946 δ’
660 896 736 948 ἐπ’
767 898 955 955 ἀκταῖς,
989 896 1164 948 ἄλλοτ’
1195 899 1249 949 ἐν
1279 898 1463 949 πόντου
1493 895 1653 965 σάλῳ,

391 985 602 1033 πολλοῖς
634 980 854 1034 διαύλοις
885 979 1116 1046 κυμάτων
1148 981 1470 1048 φορούμενος,

388 1063 631 1117 ἄκλαυτος
662 1063 872 1131 ἄταφος·
921 1069 1007 1116 νῦν
1038 1064 1079 1116 δ’
1109 1066 1231 1132 ὑπὲρ
1260 1064 1444 1131 μητρὸς
1475 1065 1629 1132 φίλης
1787 1051 1791 1056 ⁸
1886 1081 1937 1122 30

388 1146 612 1213 Ἑκάβης
644 1149 828 1207 ἀίσσω,
864 1148 991 1214 σῶμ’
1023 1149 1285 1215 ἐρημώσας
1316 1149 1449 1214 ἐμόν,

388 1238 606 1298 τριταῖον
636 1231 728 1297 ἤδη
763 1231 954 1299 φέγγος
986 1233 1330 1300 αἰωρούμενος,

388 1317 608 1382 ὅσονπερ
640 1318 692 1367 ἐν
722 1324 787 1389 γῇ
817 1320 932 1389 τῇδε
964 1318 1287 1386 Χερσονησία

386 1398 545 1467 μήτηρ
580 1399 668 1465 ἐμὴ
702 1400 947 1465 δύστηνος
981 1402 1033 1451 ἐκ
1063 1401 1245 1467 Τροίας
1275 1400 1422 1467 πάρα.

388 1483 569 1537 πάντες
601 1484 642 1535 δ’
675 1483 874 1552 Ἀχαιοὶ
905 1489 1022 1537 ναῦς
1055 1483 1256 1552 ἔχοντες
1286 1485 1470 1553 ἥσυχοι
1884 1501 1933 1541 35

388 1567 637 1619 θάσσουσ’
673 1567 748 1620 ἐπ’
780 1570 950 1622 ἀκταῖς
983 1572 1139 1633 τῆσδε
1171 1570 1392 1640 Θρῃκίας
1422 1570 1623 1637 χθονός·

387 1653 413 1702 ὁ
445 1652 658 1716 Πηλέως
687 1654 782 1719 γὰρ
815 1656 931 1706 παῖς
963 1655 1085 1719 ὑπὲρ
1116 1653 1309 1718 τύμβου
1341 1653 1518 1719 φανεὶς

388 1736 593 1804 κατέσχ’
626 1736 899 1804 Ἀχιλλεὺς
932 1740 1032 1789 πᾶν
1064 1735 1326 1802 στράτευμ’
1356 1736 1674 1798 Ἑλληνικόν,

386 1820 507 1887 πρὸς
539 1821 675 1872 οῖκον
708 1821 1005 1874 εὐθύνοντας
1036 1822 1243 1872 ἐναλίαν
1274 1820 1485 1886 πλάτην·

386 1907 516 1956 αἰτεῖ
542 1905 584 1956 δ’
617 1905 844 1972 ἀδελφὴν
878 1905 968 1969 τὴν
1002 1905 1125 1970 ἐμὴν
1156 1901 1451 1970 Πολυξένην
1877 1921 1934 1960 40

384 1990 557 2058 τύμβῳ
591 1991 745 2056 φίλον
776 1990 1097 2057 πρόσφαγμα
1128 1990 1208 2041 καὶ
1239 1987 1387 2056 γέρας
1416 1992 1616 2054 λαβεῖν.

385 2075 464 2125 καὶ
494 2072 716 2138 τεύξεται
747 2073 894 2133 τοῦδ’,
934 2072 1035 2125 οὐδ’
1069 2073 1318 2139 ἀδώρητος
1350 2074 1515 2139 φίλων

386 2158 529 2209 ἔσται
559 2157 679 2225 πρὸς
710 2159 916 2224 ἀνδρῶν·
964 2158 993 2221 ἡ
1026 2156 1322 2224 πεπρωμένη
1356 2156 1397 2208 δ’
1431 2156 1540 2224 ἄγει

386 2245 552 2293 θανεῖν
584 2241 810 2309 ἀδελφὴν
843 2241 957 2311 τῷδ’
993 2240 1112 2306 ἐμὴν
1147 2244 1200 2293 ἐν
1230 2241 1394 2306 ἤματι.

384 2330 518 2377 δυοῖν
548 2328 597 2377 δὲ
632 2327 830 2378 παίδοιν
863 2325 949 2377 δύο
984 2326 1140 2392 νεκρὼ
1174 2326 1446 2393 κατόψεται
1878 2341 1932 2381 45

381 2408 555 2477 μήτηρ,
591 2412 708 2474 ἐμοῦ
737 2431 791 2461 τε
820 2413 909 2474 τῆς
944 2431 998 2462 τε
1029 2408 1272 2473 δυστήνου
1305 2410 1466 2477 κόρης.

384 2493 674 2567 φανήσομαι
707 2493 818 2562 γάρ,
855 2494 920 2557 ὡς
952 2493 1115 2561 τάφου
1145 2492 1346 2558 τλήμων
1377 2494 1529 2562 τύχω,

312 2623 363 2660 23
394 2602 438 2651 δὲ
458 2611 580 2651 AV:
609 2629 656 2652 τε
680 2612 721 2650 Μ
744 2611 774 2649 L
792 2611 870 2654 ΡΣ
1031 2609 1261 2661 λιθοδμήτῳ
1296 2610 1338 2648 Μ
1372 2609 1596 2661 (θεοδμήτῳ
1626 2614 1657 2653 Σ
1687 2614 1731 2649 et
1758 2625 1824 2662 γρ.
1852 2608 1930 2658 M‘)

257 2667 309 2704 28
340 2667 463 2714 ἀκτῆς
478 2666 519 2704 Μ
540 2667 578 2705 O
715 2680 766 2715 29
799 2667 942 2707 ἄλλοις
961 2665 1135 2703 Usener
1261 2677 1315 2714 3ο
1345 2665 1577 2705 ἄκλαυστος
1593 2664 1748 2716 ἄταφος
1765 2663 1929 2703 MAV:

257 2721 409 2772 ἄταφος
430 2722 631 2762 ἄκλαυτος
655 2721 688 2759 L
705 2721 738 2759 P
753 2720 790 2759 O
815 2721 897 2770 (ἅτ.
923 2721 1153 2760 ἄκλαυστος
1177 2719 1227 2771 Ρ)
1395 2729 1447 2767 35
1477 2716 1517 2758 τ’
1538 2717 1580 2755 Μ
1745 2719 1800 2768 36
1828 2722 1850 2758 θ
1901 2726 1932 2758 ΐ-

256 2775 344 2824 κίης
365 2775 399 2813 L
568 2778 621 2825 38
650 2791 714 2828 γρ.
738 2774 910 2827 ἀχαΐκόν
934 2774 975 2812 Μ
1161 2786 1215 2821 39
1246 2773 1428 2814 εἷναλίαν
1443 2771 1483 2809 Α
1498 2772 1532 2810 L
1547 2771 1581 2810 P
1596 2771 1659 2810 M²
1770 2780 1830 2812 πλ
1857 2788 1933 2812 ταν

257 2829 290 2867 L
475 2844 528 2880 42
559 2833 602 2871 οὗ
623 2831 702 2883 ’γὰρ
725 2830 758 2868 L
955 2842 1006 2877 44
1038 2827 1097 2871 sic
1117 2827 1210 2865 AV
1226 2826 1264 2866 O
1285 2843 1350 2879 γρ.
1371 2825 1411 2863 Μ
1433 2840 1442 2864 :
1471 2827 1548 2874 τὴν
1571 2827 1671 2876 ἐμὴν
1690 2823 1781 2879 τῇδ’
1803 2824 1931 2878 ἡμέρᾳ

256 2883 351 2922 Μ”Ρ
368 2884 430 2922 Fl
459 2885 552 2937 (τὴν
575 2886 675 2936 ἐμὴν
698 2899 874 2921 mmm*
895 2883 946 2935 L)
1081 2893 1133 2931 45
1164 2880 1255 2931 δύο]
1277 2880 1354 2921 δύω
1375 2879 1415 2917 Α
1429 2879 1466 2917 V
1481 2879 1514 2917 L
1645 2881 1699 2929 46
1728 2878 1929 2920 δυστάνου

256 2939 372 2992 κόρας
397 2940 430 2977 L
1743 2972 1745 2974 .
1819 2973 1822 2975 ,
1883 2972 1893 2977 -
