2118 3366
886 132 1202 181 ΜΗΔΕΙΑ

339 264 474 318 ἄλλα
501 265 745 330 βασίλεια
777 262 1023 328 κρείσσων

424 349 652 413 δόμοισιν
681 345 887 398 ε’πέστα.
1802 364 1882 404 445

216 456 412 496 ῙΑΣΩΝ

341 530 398 582 οὐ
425 534 512 582 νῦν
543 533 767 581 κατεῖδον
797 533 991 595 πρῶτον
1022 528 1156 579 ἀλλὰ
1186 526 1433 580 πολλάκις

341 619 579 682 τραχεῖαν
605 611 761 680 ὀργὴν
792 612 856 665 ὡς
885 609 1146 679 ἀμήχανον
1179 611 1343 662 κακόν.

343 698 427 749 σοὶ
456 699 552 764 γὰρ
582 695 740 761 παρὸν
769 698 866 762 γῆν
896 693 1043 759 τήνδε
1075 694 1154 745 καὶ
1183 694 1362 759 δόμους
1392 694 1529 761 ἔχειν

343 781 539 848 κούφως
569 780 795 851 φερούσῃ
827 779 1134 846 κρεισσόνων
1163 778 1499 843 βουλεύματα,

341 865 512 932 λόγων
541 864 763 930 ματαίων
794 862 951 914 οὕνεκ’
983 864 1173 934 ἐκπεσῇ
1203 862 1400 930 χθονός.
1804 881 1886 920 450

345 950 489 1015 κάμοὶ
516 951 608 1014 μὲν
637 948 779 999 οὐδὲν
809 950 1030 1014 πρᾶγμα·
1075 946 1141 1011 μὴ
1173 947 1339 1017 παύσῃ
1372 948 1492 997 ποτὲ

342 1032 548 1100 λέγουσ’
579 1030 765 1082 Ἰάσον’
798 1031 863 1085 ὣς
893 1030 1128 1083 κάκιστός
1158 1029 1264 1080 ἐστ’
1296 1028 1435 1095 ἀνήρ·

343 1118 376 1169 ἃ
404 1116 446 1168 δ’
478 1119 528 1170 ἐς
556 1114 820 1182 τυράννους
850 1115 966 1166 ε’στί
991 1135 1076 1165 σοι
1102 1112 1400 1179 λελεγμένα,

343 1204 442 1253 πᾶν
474 1199 641 1266 κέρδος
671 1199 795 1265 ἡγοῦ
827 1196 1118 1263 ζημιουμένη
1150 1203 1304 1268 φυγῇ.

346 1285 479 1351 κάγὼ
508 1287 599 1348 μὲν
629 1282 726 1334 αἰεὶ
754 1281 1017 1348 βασιλέων
1050 1280 1363 1345 θυμουμένων
1807 1297 1885 1337 455

344 1370 495 1435 ὀργὰς
525 1368 750 1438 ἀφῄρουν
780 1366 865 1417 καί
890 1365 942 1416 σ’
973 1365 1259 1430 ἐβουλόμην
1287 1364 1472 1428 μένειν·

348 1451 411 1503 σὺ
441 1451 483 1503 δ’
516 1451 602 1502 οὐκ
633 1451 784 1503 ἆνίεις
813 1451 1017 1515 μωρίας,
1046 1447 1255 1515 λέγουσ’
1286 1448 1362 1499 ἀεὶ

347 1540 504 1589 κακῶς
534 1533 816 1601 τυράννους·
863 1534 1037 1598 τοιγὰρ
1071 1534 1260 1603 ἐκπεσῇ
1289 1532 1485 1598 χθονός.

344 1620 477 1684 ὅμως
507 1621 561 1671 δὲ
594 1619 685 1669 κάκ
714 1616 858 1668 τῶνδ’
887 1616 975 1667 ὀὐκ
1003 1616 1279 1683 ἀπειρηκὼς
1310 1616 1480 1680 φίλοις

344 1703 462 1767 ἥκω,
495 1702 551 1754 τὸ
583 1701 673 1753 σὸν
704 1704 758 1753 δὲ
787 1700 1239 1767 προσκοπούμενος,
1269 1700 1431 1766 γύναι,
1802 1704 1886 1756 460

346 1787 412 1841 ὡς
437 1785 550 1853 μήτ’
580 1784 820 1854 ἀχρήμων
849 1784 945 1836 σὺν
975 1783 1223 1835 τέκνοισιν
1256 1782 1469 1854 ἐκπέσῃς

344 1869 455 1936 μήτ’
486 1868 654 1933 ε’νδεής
681 1891 785 1921 του·
830 1868 981 1920 πόλλ’
1013 1867 1283 1933 ἐφέλκεται
1312 1865 1448 1932 φυγὴ

346 1957 469 2006 κακὰ
499 1953 592 2018 ξὺν
623 1955 759 2025 αὑτῇ.
848 1952 928 2003 καὶ
957 1954 1052 2018 γὰρ
1085 1953 1127 2002 εἰ
1158 1950 1224 2001 σύ
1251 1972 1315 2015 με
1344 1954 1557 2015 στυγεῖς,

344 2038 430 2090 οὐκ
460 2037 522 2090 ἂν
552 2039 789 2101 δυναίμην
819 2037 902 2087 σοὶ
934 2040 1092 2087 κακῶς
1123 2039 1328 2101 φρονεῖν
1356 2054 1492 2084 ποτε.

219 2126 323 2188 Μη.
344 2120 382 2174 ὦ
414 2120 737 2188 παγκάκιστε,
771 2124 916 2170 τοῦτο
946 2119 1042 2185 γάρ
1074 2118 1123 2169 σ’
1154 2120 1311 2170 εἰπεῖν
1345 2117 1460 2183 ἔχω,
1802 2121 1880 2173 465

343 2206 558 2277 γλώσσῃ
588 2204 828 2271 μέγιστον
859 2205 927 2256 εἷς
958 2205 1219 2269 ἀνανδρίαν
1250 2201 1417 2252 κακόν·

342 2289 492 2354 ἦλθες
521 2288 644 2355 πρὸς
674 2289 816 2353 ἡμᾶς,
848 2286 1000 2350 ἦλθες
1029 2287 1262 2353 ἔχθιστος
1292 2284 1475 2352 γεγώς,·

345 2369 494 2437 [θεοῖς
523 2394 578 2425 τε
610 2373 753 2437 κάμοὶ
783 2372 936 2423 παντί
961 2370 1004 2422 τ’
1037 2370 1308 2435 ἀνθρώπων
1336 2363 1513 2434 γένει,·]

345 2457 478 2509 οὗτοι
509 2456 694 2524 θράσος
724 2455 825 2507 τόδ’
858 2455 998 2506 ἐστὶν
1029 2452 1127 2504 οὐδ’
1160 2452 1408 2516 εὐτολμία,

271 2586 352 2625 445
389 2574 572 2625 δόμοισιν
604 2573 771 2612 ABL:
810 2571 944 2622 δόμοις
978 2569 1095 2608 VPl
1230 2567 1384 2609 ἐπέστα
1419 2566 1528 2606 LP:
1556 2566 1728 2616 ’ἐπέστη
1762 2568 1876 2608 ΑΒ;

218 2629 370 2678 ἀνέστη
399 2629 439 2668 V
619 2629 699 2677 448
737 2630 818 2678 γῆν
846 2622 988 2675 τήνδε]
1019 2624 1141 2672 τήνδε
1169 2626 1250 2676 γῆν
1277 2622 1318 2661 Α
1502 2633 1583 2670 450
1622 2625 1811 2663 ἐκπεσεῖν
1838 2622 1878 2660 Α

218 2694 298 2733 452
326 2682 472 2724 Ἰάσον’
495 2682 707 2731 Elmsley:
737 2681 882 2722 Ἰάσων
902 2680 1022 2718 codd.
1166 2690 1247 2727 454
1276 2677 1411 2729 φυγὴν
1429 2675 1470 2714 Α
1607 2687 1687 2724 455
1717 2677 1793 2716 ale)
1817 2676 1876 2715 L:

219 2738 280 2778 ἀεὶ
314 2737 403 2776 rell.
597 2748 676 2786 457
720 2735 831 2783 ἀνίης
867 2734 901 2772 L
935 2745 1143 2783 suprascr.
1183 2749 1238 2773 εις
1274 2730 1321 2770 L¹
1531 2731 1613 2778 460
1653 2731 1703 2770 τὸ
1731 2731 1805 2771 σὸν
1833 2730 1878 2771 δὲ

220 2791 278 2832 L:
309 2792 359 2832 τὸ
386 2790 462 2832 σόν
487 2807 539 2843 γε
570 2790 629 2829 P:
658 2791 715 2833 τὸ,
736 2789 811 2830 σόν
835 2792 877 2829 δε
903 2788 943 2827 V
959 2788 1021 2826 B:
1051 2788 1221 2828 τοσὺνδε
1250 2785 1289 2823 Α
1312 2784 1441 2836 (sic):
1475 2784 1524 2824 τὸ
1555 2785 1629 2825 σὸν
1648 2784 1697 2833 δὴ
1719 2784 1878 2834 Hogan

215 2846 295 2895 463
324 2846 426 2894 αὑτὴ
448 2845 508 2884 L:
538 2847 640 2898 αὐτῇ
661 2844 753 2897 regh-
930 2843 1010 2891 464
1041 2841 1123 2888 σοὶ]
1148 2856 1223 2881 συν
1244 2840 1414 2879 Patakis
1592 2840 1674 2887 466
1695 2838 1877 2878 Damnat

217 2898 370 2949 Prin23
399 2899 544 2938 habuit
563 2904 595 2943 Σ
705 2898 905 2939 ἀναίδειαν
924 2895 1219 2945 Wyttenbach
1297 2889 1304 2903 ⁶
1372 2894 1454 2942 468
1484 2892 1668 2931 seclusit
1688 2892 1875 2941 Brunck,

215 2953 265 2994 cl.
289 2966 327 2994 v,
353 2966 456 3004 1324
641 2953 722 3002 469
750 2953 836 2992 οὔτι
859 2951 892 2989 L
907 2950 940 2988 P
960 2962 1055 2989 cum
1076 2948 1327 2989 Herodiano
1346 2948 1390 2986 in
1412 2946 1606 2986 Boisson.
1630 2946 1794 2990 Aneed.
1817 2947 1874 2987 iii.

216 3008 361 3058 p.208
