2118 3366
833 132 1302 181 ΙΠΠΟΛΤΤΟΣ

354 266 495 317 ὄλοιο
526 264 607 316 καὶ
639 262 703 315 σὺ
731 262 921 330 χῶστις
951 261 1160 314 ἄκοντας
1192 261 1372 327 φίλους

354 349 604 415 πρόθυμός
633 349 743 399 ἐστι
770 345 837 412 μὴ
869 350 1033 399 καλῶς
1065 344 1356 412 εὐεργετεῖν.

228 434 318 500 Τρ.
352 431 590 491 δέσποιν’,
623 430 755 499 ἔχεις
783 432 877 495 μὲν
907 430 1038 494 τάμὰ
1067 427 1366 494 μέμψασθαι
1400 422 1539 478 κακά·
1813 429 1897 484 695

353 515 410 567 τὸ
440 518 534 583 γὰρ
566 512 745 567 δάκνον
777 535 869 566 σου
899 512 990 578 τὴν
1020 511 1295 579 διάγνωσιν
1329 515 1509 577 κρατεῖ·
1694 519 1700 524 ’

353 599 456 668 ἔχω
486 602 540 651 δὲ
573 598 707 666 κάγὼ
735 596 859 665 πρὸς
889 595 1010 657 τάδ’,
1045 598 1088 648 εἰ
1119 594 1252 667 δέξῃ,
1286 594 1471 662 λέγειν.

285 742 287 744 ,
354 680 547 750 ἔθρεψά
578 682 626 733 σ’
657 682 826 736 εὔνους
855 681 898 733 τ’
930 681 1044 746 εἶμί·
1089 682 1177 744 τῆς
1208 680 1362 731 νόσου
1393 678 1448 730 δέ
1479 699 1562 729 σοι

354 767 566 832 ζητοῦσα
596 763 819 834 φάρμαχ’
848 765 999 832 ηὗρον
1029 764 1123 833 οὐχ
1153 764 1460 829 ἁβουλόμην.

353 852 400 918 εἰ
426 850 469 902 δ’
502 850 555 902 εὖ
582 849 631 918 γ’
663 847 868 917 ἔπραξα,
902 847 1035 916 κάρτ’
1066 848 1128 900 ἂν
1161 850 1213 900 ἐν
1245 852 1488 914 σοφοῖσιν
1518 845 1565 910 ἧ·
1810 858 1900 900 700

354 934 476 1001 πρὸς
505 936 594 989 τὰς
621 935 777 1002 τύχας
808 935 904 1001 γὰρ
934 935 1023 987 τὰς
1053 931 1242 1000 φρένας
1273 929 1563 996 κεκτήμεθα.

227 1022 324 1070 Φα.
350 1017 383 1084 ἤ
410 1020 505 1086 γὰρ
537 1019 699 1070 δίκαια
726 1022 883 1070 ταῦτα
911 1014 1247 1084 κάξαρκοῦντά
1276 1036 1376 1081 μοι,

353 1103 629 1171 τρώσασαν
651 1103 780 1168 ἡμᾶς
812 1102 918 1154 εἶτα
949 1105 1230 1169 συγχωρεῖν
1259 1100 1457 1166 λόγοις;

226 1189 318 1253 Τρ.
350 1191 769 1254 μακρηγοροῦμεν·
815 1186 901 1238 οὐκ
933 1185 1259 1252 ἐσωφρόνουν
1288 1183 1403 1250 ἐγώ.

353 1270 469 1322 ἀλλ’
500 1270 611 1323 ἔστι
642 1271 732 1322 κᾶκ
762 1270 904 1322 τῶνδ’
936 1270 1070 1321 ὥστε
1101 1257 1340 1333 σωθῆναι,
1376 1267 1567 1319 τέκνον.
1815 1279 1899 1322 705

228 1356 324 1406 Φα.
349 1358 541 1407 παῦσαι
567 1353 807 1421 λέγουσα·
856 1354 934 1405 καὶ
964 1355 1026 1405 τὰ
1056 1352 1170 1420 πρὶν
1202 1354 1297 1419 γὰρ
1329 1350 1385 1402 οὐ
1416 1356 1578 1406 καλῶς

353 1437 639 1510 παρῄνεσάς
667 1460 752 1504 μοι
782 1438 1149 1506 κᾶπεχείρησας
1182 1434 1322 1487 κακά.

356 1522 472 1575 ἀλλ’
504 1523 723 1575 ἐκποδὼν
753 1521 941 1575 ἄπελθε
972 1522 1052 1572 καὶ
1083 1523 1267 1585 σαυτῆς
1297 1518 1410 1586 πέρι

353 1606 594 1675 φρόντιζ’·
641 1607 739 1673 ἐγὼ
769 1608 865 1673 γὰρ
894 1607 1025 1671 τάμὰ
1056 1603 1271 1670 θήσομαι
1304 1608 1480 1657 καλῶς.

436 1692 574 1757 ὑμεῖς
603 1689 673 1750 δέ,
705 1694 877 1744 παῖδες
907 1690 1123 1757 εὐγενεῖς
1152 1687 1432 1755 Τροζήνιαι,
1818 1698 1901 1744 '710

353 1776 562 1828 τοσόνδε
588 1795 674 1840 μοι
703 1773 981 1842 παράσχετ’
1016 1771 1353 1845 ἐξαιτουμενῃ,

356 1867 477 1933 σιγῇ
507 1860 776 1912 καλύπτειν
806 1857 976 1910 ἁνθόιδ’
1008 1856 1352 1923 εἷσηκούσατε.

229 1945 321 1996 Χο.
354 1946 535 2010 ὄμνυμι
565 1942 755 2008 σεμνὴν
778 1941 1035 2010 Ἀρτεμιν,
1072 1941 1194 1995 Διὸς
1226 1941 1391 2007 κόρην,

354 2030 507 2093 μηδὲν
538 2032 699 2079 κακῶν
731 2031 837 2079 σῶν
868 2028 919 2080 ἐς
950 2025 1079 2093 φάος
1108 2024 1288 2091 δείξειν
1318 2023 1455 2076 ποτέ.

230 2115 328 2165 Φα.
355 2117 516 2166 καλῶς
546 2110 739 2177 ἔλεξας·
786 2111 839 2163 ἓν
870 2114 924 2163 δὲ
953 2103 1361 2179 ὟπροτρέπουσἾ·
1391 2109 1489 2175 ἐγὼ
1817 2121 1898 2164 715

356 2198 542 2264 εὕρημα
571 2199 694 2261 δῆτα
722 2198 877 2260 τῆσδε
908 2199 1172 2263 συμφορᾶς
1201 2194 1319 2263 ἔχω,

354 2280 475 2332 ὥστ’
507 2281 684 2333 εὐκλεᾶ
714 2282 805 2346 μὲν
834 2280 981 2332 παισὶ
1009 2282 1306 2346 προσθεῖναι
1332 2278 1468 2344 βίον,

355 2363 476 2429 αὐτή
506 2364 549 2417 τ’
579 2363 791 2417 ὀνάσθαι
820 2363 943 2430 πρὸς
972 2365 1035 2414 τὰ
1064 2367 1151 2415 νῦν
1181 2363 1490 2414 πεπτωκότα.

354 2448 412 2500 οὗ
441 2447 536 2516 γάρ
565 2447 675 2500 ποτ’
707 2450 931 2515 αἰσχυνῶ
962 2468 1022 2513 γε
1054 2447 1304 2514 Κρησίους
1334 2446 1527 2511 δόμους,

285 2573 366 2614 700
395 2564 522 2619 κάρτα
537 2570 578 2618 γ’
602 2567 645 2606 ἐν
663 2564 704 2604 Α
841 2562 893 2612 ἦν
913 2563 1037 2604 codd.
1243 2574 1322 2611 702
1353 2561 1379 2609 ἧ
1400 2561 1466 2602 καὶ
1490 2558 1634 2598 ΜΑΒ
1657 2559 1753 2610 (sed
1774 2558 1800 2607 ἦ
1818 2559 1897 2613 γὰρ

229 2617 384 2659 lemma
402 2619 504 2671 ΣΒ)
654 2621 953 2671 ’κούξαρκοῦντα
975 2617 1009 2656 L
1191 2628 1270 2666 703
1300 2615 1451 2669 λόγους
1473 2614 1515 2652 Μ
1540 2614 1633 2665 (sed
1655 2626 1763 2654 corr.
1783 2614 1894 2665 ipse>

229 2673 269 2713 O
297 2673 441 2713 Haun.
474 2675 704 2726 (Ισολογεῖν
733 2674 799 2714 καὶ
831 2675 876 2713 ἐκ
905 2676 988 2713 τῶν
1015 2673 1116 2713 ἴσων
1146 2671 1424 2724 ἀμφισβητεῖν
1451 2674 1510 2712 Σε
1546 2669 1661 2707 unde
1692 2670 1898 2722 Ῑσηγορεῖν

227 2727 368 2781 λόγοις
389 2727 666 2779 Heimsoeth)
808 2740 888 2778 709
915 2727 994 2780 γὰρ
1009 2725 1050 2764 Α
1065 2726 1099 2764 Β
1116 2725 1150 2764 L
1165 2725 1199 2764 P
1218 2740 1226 2764 :
1265 2724 1310 2766 δὲ
1333 2722 1427 2763 MV
1566 2736 1645 2772 712
1674 2721 1897 2765 καλύπτειν

230 2781 400 2824 MAV:
431 2782 628 2836 καλύψειν
646 2782 749 2822 V²B
766 2781 804 2819 D
820 2782 882 2822 N:
919 2780 1115 2833 καλύψαθ’
1139 2780 1172 2818 L
1187 2780 1221 2818 P
1442 2790 1520 2828 713
1549 2779 1671 2831 κόραν
1688 2778 1727 2816 V
1750 2777 1892 2816 Haun.

226 2845 307 2888 715
337 2836 538 2877 Fortasse
552 2835 814 2891 προρρέπουσ’
838 2850 847 2875 z
876 2835 1149 2889 vrp*÷÷pe'⁷rovo·'
1168 2834 1203 2874 L
1220 2835 1288 2883 (οτ
1304 2833 1485 2873 inseruit
1505 2833 1537 2879 l)
1561 2846 1570 2871 z
1600 2829 1898 2886 προστρέπουσ’

228 2891 307 2932 13²:
337 2890 605 2945 wpovpe'vrova'
628 2891 717 2930 rell.
742 2897 799 2939 et,
822 2896 868 2930 ut
886 2890 989 2936 vid.,
1011 2894 1043 2933 Σ
1189 2890 1268 2939 716
1297 2888 1345 2937 δή
1366 2905 1407 2928 τι
1429 2888 1463 2926 L
1477 2887 1511 2926 P
1525 2887 1560 2926 B
1580 2911 1585 2912 ν
1727 2888 1805 2936 718
1834 2884 1893 2939 τ’]

227 2946 263 2988 δ’
285 2947 446 2987 Canter
610 2958 691 2996 719
719 2946 883 2999 κρησίου
906 2945 940 2984 L
954 2945 988 2984 P
