2118 3366
865 129 1302 179 ΕΥΡΙΠΙΔΟΥ

377 258 458 311 καὶ
487 257 826 326 πεῖθ’-ἔχεις
856 261 911 311 δὲ
943 259 1219 326 πρόφασιν·
1265 258 1375 311 ἔστι
1403 258 1678 326 γᾶρτέκνα

378 342 457 393 καὶ
486 341 775 411 τῷδε--τὴν
806 340 905 405 σὴν
933 341 1055 394 ὥστ’
1086 345 1361 409 ἐποικτῖραι
1389 343 1562 410 τύχην.

253 430 353 477 Πλ.
378 426 474 493 ὁρῶ
507 424 572 484 σ’,
603 424 870 484 Ὀδυσσεῦ,
904 424 1071 490 δεξιὰν
1100 425 1190 493 ὑφ’
1221 426 1418 492 εἵματος

377 510 651 575 κρύπτοντα
679 513 824 576 χεῖρα
856 509 935 560 καὶ
966 509 1241 575 πρόσωπον
1270 508 1485 574 ἔμπαλιν

376 591 679 660 στρέφοντα,
710 591 776 657 μή
809 613 902 643 σου
933 593 1192 660 προσθίγω
1223 591 1492 659 γενειάδος.

375 675 565 743 θάρσει·
612 675 870 743 πέφευγας
899 675 987 727 τὸν
1020 675 1141 741 ἐμὸν
1170 674 1384 728 Ἱκέσιον
1418 677 1535 728 Δία·

376 760 440 813 ὡς
471 760 663 827 ἕψομαί
689 780 750 827 γε
778 764 864 810 τοῦ
893 758 936 810 τ’
967 760 1237 827 ἀναγκαίου
1265 759 1414 828 χάριν

374 848 543 896 θανεῖν
571 865 627 896 τε
654 842 909 916 χρῄζουσ’·
958 846 999 895 εἰ
1031 846 1083 895 δὲ
1113 843 1179 909 μὴ
1210 843 1546 910 βουλήσομαι,

374 927 494 991 κακὴ
527 932 778 996 φανοῦμαι
811 928 888 979 καὶ
921 928 1212 995 φιλόψυχος
1242 926 1382 995 γυνή.

372 1013 428 1064 τί
454 1009 548 1079 γάρ
578 1033 640 1077 με
671 1015 746 1064 δεῖ
775 1012 890 1076 ζῆν,·
935 1009 966 1083 ᾗ
997 1011 1156 1078 πατὴρ
1184 1013 1277 1077 μὲν
1308 1012 1368 1077 ἢν
1397 1011 1527 1077 ἄναξ

375 1100 586 1163 Φρυγῶν
616 1093 864 1147 ἁπάντων·
910 1096 1060 1147 τοῦτό
1087 1117 1173 1161 μοι
1202 1101 1397 1162 πρῶτον
1426 1098 1559 1162 βίου·

374 1179 528 1232 ἔπειτ’
560 1180 808 1246 ἐθρέφθην
839 1181 1057 1231 ἐλπίδων
1089 1184 1254 1231 καλῶν
1285 1181 1381 1231 ὕπο

370 1268 647 1329 βασιλεῦσι
677 1264 861 1331 νύμφη,
898 1264 1055 1327 ζῆλον
1085 1263 1143 1314 οὗ
1174 1263 1383 1330 σμικρὸν
1412 1261 1585 1331 γάμων

372 1347 561 1416 ἔχουσ’,
595 1349 711 1399 ὅτου
740 1346 860 1412 δῶμ’
895 1348 1069 1399 ἑστίαν
1098 1346 1141 1398 τ’
1173 1346 1431 1414 ἀφίξομαι·

372 1431 615 1483 δέσποινα
645 1431 685 1483 δ’
715 1431 744 1495 ἡ
778 1431 1019 1495 δύστηνος
1049 1430 1308 1482 Ἰδαίαισιν
1339 1429 1369 1494 ἧ

371 1514 564 1582 γυναιξὶ
595 1509 894 1581 Τπαρθένοις
924 1515 966 1565 τ’
998 1515 1323 1580 ἀπόβλεπτος
1351 1508 1534 1579 μέτα,”Ι“

371 1601 458 1664 ἴση
491 1603 652 1650 θεοῖσι
681 1599 815 1663 πλὴν
845 1590 903 1649 τὸ
933 1602 1192 1650 κατθανεῖν
1221 1600 1392 1663 μόνον·

370 1688 458 1735 νῦν
489 1683 529 1733 δ’
562 1683 659 1748 εἰμὶ
690 1683 860 1747 δούλη.
949 1687 1120 1749 πρῶτα
1148 1681 1240 1747 μέν
1268 1704 1331 1747 με
1359 1682 1575 1748 τοῦνομα

372 1770 539 1819 θανεῖν
569 1769 686 1833 ἐρ’ἀν
715 1766 912 1831 τίθησιν
943 1766 1031 1817 οὐκ
1063 1765 1235 1819 εἰωθὸς
1264 1768 1338 1818 ὅν·

372 1850 524 1903 ἔπειτ’
553 1852 676 1904 ἴσως
706 1850 767 1902 ἂν
798 1854 1056 1902 δεσποτῶν
1088 1850 1233 1915 ὠμῶν
1264 1848 1452 1917 φρένας

370 1934 565 2003 τύχοιμ’
597 1934 673 1993 ἄν,
707 1936 846 1988 ὅστις
879 1934 1091 2001 ἀργύρου
1119 1933 1171 1999 μ’
1204 1933 1467 1998 ὠνήσεται,

370 2018 461 2082 τὴν
481 2018 727 2085 “Εκτορός
756 2040 811 2070 τε
840 2016 1065 2086 χὰτέρων
1096 2023 1302 2070 πολλῶν
1335 2016 1495 2075 κάσιν,

370 2104 607 2169 προσθεὶς
637 2102 678 2153 δ’
709 2102 931 2169 ἀνάγκην
963 2101 1223 2154 σιτοποιὸν
1254 2104 1309 2154 ἐν
1339 2102 1524 2167 δόμοις,

371 2187 563 2253 σαίρειν
592 2208 648 2238 τε
677 2189 815 2251 δῶμα
847 2188 1067 2252 κερκίσιν
1097 2187 1139 2237 τ’
1172 2183 1449 2253 ἐφεστάναι

369 2273 565 2336 λυπρὰν
594 2270 819 2337 ἄγουσαν
849 2269 1037 2337 ἡμέραν
1065 2270 1116 2335 μ’
1149 2267 1438 2337 ἀναγκάσει·

367 2353 495 2422 λέχη
527 2357 581 2405 δὲ
610 2355 739 2419 τάμὰ
770 2358 945 2407 δοῦλος
976 2354 1163 2419 ὠνητός
1194 2358 1347 2406 ποθεν

368 2442 558 2505 χρανεῖ,
592 2435 844 2505 τυράννων
876 2438 1098 2505 πρόσθεν
1127 2437 1391 2504 ἠξιωμένα.

368 2521 424 2572 οὐ
454 2521 576 2586 δῆτ’·
622 2521 799 2589 ἀφίημ’
829 2519 1064 2587 ὀμμάτων
1095 2522 1368 2590 ἐλευθέρων

368 2604 559 2672 φέγγος
588 2605 705 2664 τόδ’,
730 2605 880 2677 ’Ἀιδῃ
913 2604 1224 2672 προστιθεῖσ’
1257 2605 1377 2671 ἐμὸν
1407 2605 1571 2671 δέμας.

1836 234 1923 318 340⁰

1830 693 1910 734 345

1835 1113 1913 1153 350

1834 1531 1911 1571 355

1832 1940 1912 1990 360

1830 2357 1907 2411 365

295 2734 377 2771 340
407 2720 470 2772 δὲ]
491 2722 571 2775 γὰρ
590 2720 709 2760 AVl
870 2733 963 2769 340,
985 2733 1063 2771 341
1096 2721 1272 2761 distin‘xi
1292 2728 1338 2761 ut
1358 2726 1390 2765 Σ
1556 2732 1637 2771 352
1662 2721 1804 2774 μικρὸν
1825 2720 1858 2759 L
1874 2721 1907 2760 P

240 2776 380 2828 ’γάμων
398 2775 439 2813 Α
455 2775 488 2814 L
503 2775 536 2814 P
555 2790 564 2815 ε
593 2775 685 2824 βίον
706 2774 747 2814 Μ
763 2774 811 2814 V.
875 2775 939 2814 Cf.
965 2788 1004 2814 v.
1029 2787 1111 2825 350
1252 2788 1332 2826 354
1361 2775 1412 2824 ἣν
1432 2775 1553 2814 codd.

1699 2785 1778 2824 355
1807 2791 1905 2826 παρ’

241 2830 390 2871 θένοισι
411 2829 450 2868 V
621 2829 658 2870 τ’
679 2843 761 2870 om.
785 2829 827 2868 M
843 2829 901 2870 L:
935 2830 1029 2868 add.
1060 2828 1146 2868 M2:
1175 2830 1377 2884 Παρθένον
1396 2829 1434 2870 τ’
1456 2829 1635 2879 Verrall‚
1659 2829 1710 2868 cf.
1736 2842 1775 2868 v.
1802 2830 1904 2868 1008

243 2883 461 2938 (παρθένων
475 2884 513 2925 τ’
531 2881 777 2934 Kirchhoff)
892 2885 974 2933 356
995 2887 1109 2939 θεῇσι
1129 2884 1204 2923 LP
1217 2885 1249 2923 F
1251 2884 1266 2906 ²
1282 2893 1337 2933 (οι
1353 2896 1562 2933 suprascr.
1583 2883 1647 2933 ΡΙ)

1761 2894 1842 2933 359
1861 2883 1904 2935 ’γ’

241 2938 356 2989 ὠμῶν
378 2938 412 2977 L
549 2941 631 2988 363
661 2938 876 2992 ἐφιστάναι
899 2939 933 2977 L
1083 2941 1163 2989 364
1191 2938 1318 2992 ἡμέρα
1337 2939 1378 2987 μ’
1401 2938 1443 2976 Μ
1584 2939 1663 2988 367
1695 2937 1904 2991 ἐλεύθερον

241 2994 360 3033 codd.
387 2998 429 3032 et
449 2999 503 3037 Σε
535 3006 641 3034 corr.
664 2992 892 3033 Blomfield
1054 2994 1136 3044 368
1163 3009 1230 3047 γρ.
1251 2991 1337 3034 τόδ’
1358 2994 1435 3042 ἤδη
1457 2991 1522 3032 M1.
1549 3023 1553 3027 .
