2118 3366
824 106 1224 155 ΑΛΚΗΣΤΙΣ

311 236 369 288 τὸ
397 240 484 302 τῆς
513 235 668 303 τύχης
698 237 794 302 γὰρ
825 236 1016 302 ἀφανὲς
1045 237 1096 287 οἵ
1123 234 1454 302 προβήσεται,
1781 247 1854 298 785

312 320 455 372 κᾶστ’
484 320 542 371 οὗ
572 318 801 371 διδακτὸν
831 318 932 370 οὐδ’
964 320 1226 370 ἁλίσκεται
1257 316 1428 390 τέχνῃ.
1769 313 1773 320 ’

309 403 445 455 ταῦτ’
474 404 560 455 οὖν
590 403 810 456 ἀκούσας
840 402 919 453 καὶ
948 404 1121 468 μαθὼν
1153 404 1271 465 ἐμοῦ
1299 402 1446 469 πάρα,

310 488 546 555 εὔφραινε·
577 487 779 545 σαυτόν,
812 490 940 545 πῖνε,
973 485 1062 537 τὸν
1094 485 1200 537 καθ’
1229 485 1416 552 ἡμέραν

307 573 426 636 βίον
453 571 656 637 λογίζου
687 571 797 628 σόν,
830 572 891 620 τὰ
921 569 964 621 δ’
995 569 1130 621 ἄλλα
1159 573 1246 634 τῆς
1274 570 1446 638 τύχης.

307 656 425 719 τίμα
453 657 507 706 δὲ
539 653 619 705 καὶ
648 653 738 718 τὴν
769 659 1014 705 πλεῖστον
1044 654 1256 718 ἡδίστην
1288 658 1413 705 θεῶν
1774 670 1852 715 790

308 738 500 805 Κύπριν
527 742 809 805 βροτοῖσιν·
857 737 1062 803 εὐμενὴς
1091 740 1185 805 γὰρ
1216 738 1245 802 ἡ
1277 739 1404 792 θεός.

305 824 368 873 τὰ
396 822 438 873 δ’
469 821 586 872 ἄλλ’
617 823 771 873 ἔασον
799 826 951 873 ταῦτα
982 822 1060 873 καὶ
1091 825 1236 873 πιθοῦ
1264 823 1439 889 λόγοις

306 908 714 972 ἐμοῖσιν-εἴπερ
746 905 868 972 ὀρθά
900 927 981 957 σοι
1012 909 1138 956 δοκῶ
1168 905 1362 973 λέγειν,·

304 991 437 1055 οἶμαι
468 989 576 1055 μέν.
665 989 838 1041 οὔκουν
868 989 958 1053 τὴν
989 988 1118 1056 ἄγαν
1148 989 1312 1054 λύπην
1342 990 1491 1057 ἀφεὶς

303 1075 390 1146 πίῃ
421 1074 529 1139 μεθ’
559 1075 700 1139 ἡμῶν
728 1073 872 1125 τάσδ’
902 1075 1207 1141 ὑπερβαλὼν
1235 1075 1404 1141 τύχας,
1771 1088 1846 1134 795

303 1157 575 1225 στεφάνοις
604 1158 899 1218 πυκασθείς,·
947 1158 1027 1209 καὶ
1059 1157 1184 1225 σάφ’
1218 1158 1308 1209 οἶδ’
1341 1159 1579 1211 ὁθούνεκα

301 1247 389 1293 τοῦ
417 1247 503 1294 νῦν
534 1245 828 1309 σκυθρωποῦ
859 1241 940 1293 καὶ
969 1240 1279 1306 ξυνεστῶτος
1310 1248 1508 1308 φρενῶν

299 1330 560 1394 μεθορμιεῖ
586 1348 648 1377 σε
679 1327 886 1379 πίτυλος
915 1326 1149 1390 ἐμπεσὼν
1182 1326 1392 1392 σκύφου.

300 1412 446 1463 ὄντας
475 1412 531 1462 δὲ
559 1409 764 1474 θνητοὺς
794 1411 949 1474 θνητὰ
982 1410 1060 1461 καὶ
1091 1415 1297 1477 φρονεῖν
1327 1411 1505 1477 χρεών·

300 1493 365 1546 ὡς
393 1499 497 1547 τοῖς
524 1515 583 1561 γε
615 1500 818 1559 σεμνοῖς
852 1495 931 1546 καὶ
962 1494 1410 1562 συνωφρυωμένοις
1767 1503 1847 1542 800

299 1577 487 1630 ἅπασίν
519 1580 672 1636 ἐστιν,
707 1579 775 1631 ὥς
802 1577 850 1645 γ’
881 1579 991 1643 ἐμοὶ
1020 1582 1242 1646 χρῆσθαι
1273 1580 1426 1649 κριτῇ,

298 1662 354 1713 οὐ
381 1664 497 1728 βίος
525 1664 722 1727 ἀληθῶς
753 1663 779 1713 ὁ
808 1665 939 1728 βίος,
975 1664 1109 1714 ἀλλὰ
1142 1662 1391 1729 συμφορά.

173 1751 265 1799 Θε.
298 1746 644 1812 ἐπιστάμεσθα
672 1752 842 1799 ταῦτα·
890 1752 976 1798 νῦν
1006 1750 1061 1798 δὲ
1090 1746 1385 1814 πράσσομεν

294 1832 388 1899 οὐχ
420 1833 499 1882 οἶα
532 1831 693 1895 κώμου
724 1831 805 1883 καὶ
833 1830 1056 1897 γέλωτος
1087 1830 1216 1895 ἄξια.

170 1919 266 1982 Ηρ.
291 1914 414 1983 γυνὴ
445 1919 643 1983 θυραῖος
674 1916 702 1980 ἡ
735 1919 974 1966 θανοῦσα·
1019 1915 1086 1980 μὴ
1117 1916 1234 1967 λίαν
1758 1923 1839 1971 805

294 1998 479 2051 πένθει·
526 2001 689 2065 δόμων
719 2002 816 2066 γὰρ
849 2001 969 2063 ζῶσι
1000 2004 1155 2051 τῶνδε
1186 2001 1440 2051 δεσπόται.

168 2087 261 2136 Θε.
291 2084 343 2135 τί
372 2085 545 2147 ζῶσιν;
594 2085 649 2136 οὐ
682 2083 924 2135 κάτοισθα
953 2085 1044 2135 τάν
1076 2085 1243 2149 δόμοις
1275 2084 1421 2143 κακά,·

166 2171 262 2234 Ηρ.
290 2170 332 2220 εἰ
360 2167 427 2233 μή
460 2190 507 2219 τι
539 2169 630 2221 σός
660 2190 722 2233 με
753 2169 1001 2232 δεσπότης
1032 2168 1302 2235 ἐψεύσατο.

167 2255 258 2304 Θε.
290 2251 418 2319 ἄγαν
450 2253 636 2305 ἐκεῖνός
668 2252 772 2303 ἐστ’
803 2251 931 2319 ἄγαν
962 2252 1246 2319 φιλόξενος.

164 2340 259 2402 Ηρ.
286 2337 342 2388 οὗ
373 2340 500 2405 χρῆν
530 2336 579 2402 μ’
611 2338 805 2388 ὀθνείου
835 2336 882 2404 γ’
915 2336 1073 2387 οὕνεκ’
1107 2337 1158 2388 εὖ
1188 2336 1409 2404 πάσχειν
1441 2340 1638 2402 νεκροῦ,·
1752 2343 1834 2380 810

164 2423 255 2471 Θε.
288 2419 318 2484 ἤ
350 2419 503 2487 κάρτα
530 2420 702 2486 μέντοι
734 2421 813 2472 καὶ
842 2422 959 2471 λίαν
990 2424 1188 2487 θυραῖος
1217 2421 1294 2485 ἧν.
1850 2411 1852 2415 ,

162 2508 258 2571 Ηρ.
282 2509 388 2570 μῶν
413 2503 672 2572 ξυμφοράν
703 2505 793 2556 τιν’
826 2506 983 2556 οὖσαν
1015 2505 1101 2556 οὐκ
1133 2504 1316 2572 ἔφραζέ
1343 2526 1450 2570 μοι,·

215 2624 293 2674 785
323 2624 372 2664 τὸ
394 2624 512 2662 codd.
538 2628 580 2661 et
598 2628 658 2666 Στ
688 2624 742 2663 τὰ
763 2622 954 2672 Elmsley
1122 2622 1290 2663 ofVB:
1322 2621 1367 2662 οὗ
1389 2622 1422 2659 L
1437 2621 1495 2662 P:
1524 2620 1550 2669 ἦ
1568 2621 1832 2661 Hauniensis

148 2680 237 2727 -787
282 2679 393 2718 τοῦτ’
431 2678 567 2718 Orion
602 2678 733 2716 Anth.
768 2677 851 2717 viii.
892 2691 917 2726 4
1133 2690 1210 2726 792
1254 2676 1400 2728 ταῦτα]
1438 2674 1571 2716 πάντα
1607 2676 1831 2716 Markland

158 2735 273 2773 πιθοῦ
296 2732 452 2771 Monk:
482 2733 617 2773 πείθου
641 2732 675 2771 L
690 2732 775 2770 VB
796 2746 804 2770 :
835 2732 949 2772 πίθου
971 2731 1005 2770 Ρ
1028 2731 1178 2783 (voluit
1199 2730 1351 2782 πείθου)
1523 2743 1602 2779 794
1633 2738 1699 2771 Θε.
1723 2732 1830 2781 οἶμαι

156 2785 242 2838 μέν.
306 2794 375 2840 Ηρ.
410 2789 554 2827 οὔκουν
568 2796 693 2828 κ.τ.λ.
717 2786 752 2824 Β
919 2790 1109 2836 795-796
1137 2786 1255 2828 τάσδ’
1279 2816 1289 2825 .
1313 2817 1321 2824 .
1346 2815 1356 2824 .
1381 2785 1599 2826 πυκασθείς
1616 2785 1695 2824 del.
1717 2785 1829 2824 Her-

156 2842 348 2892 werden‚
375 2841 427 2880 cf.
451 2843 544 2890 829,
569 2843 650 2890 832
837 2853 914 2890 795
945 2841 1094 2893 τύχας]
1116 2858 1180 2894 γρ.
1206 2842 1335 2881 πύλας
1356 2845 1387 2883 Σ
1565 2852 1643 2890 797
1674 2846 1828 2893 Φρενῶν

157 2895 269 2934 LP:
298 2899 421 2936 κακοῦ
441 2895 528 2934 VB
698 2897 779 2945 809
810 2897 913 2948 ἄγαν
932 2895 973 2946 γ’
999 2896 1080 2934 LP
1237 2897 1317 2933 810
1347 2898 1391 2935 οὐ
1411 2898 1518 2948 χρῆν
1536 2894 1683 2945 μ’νΒ
1705 2901 1824 2937 etz:

155 2951 298 2991 οὔκουν
318 2949 352 2988 L
368 2950 401 2988 P
565 2952 644 2988 811
678 2954 831 3003 θυραῖος
854 2951 888 2988 Β
905 2950 942 2988 O
961 2951 998 2988 D
1019 2964 1028 2988 ε
1058 2952 1201 2991 οἷκεῖος
1222 2950 1260 2987 V
1274 2950 1307 2987 L
1324 2950 1356 2987 P
1370 2955 1414 2992 Σ.
1476 2949 1538 2988 Cf.
1563 2963 1599 2988 v.
1625 2951 1705 2999 814
