2118 3366
863 119 1300 168 ΕΥΡΙΠΙΔΟΥ

373 249 434 301 ἂν
462 247 587 314 μήτε
617 246 836 315 πέλαγος
865 246 1008 300 ἅλιον
1038 247 1292 316 ἀπαγάγοι
1321 247 1492 308 πάλιν,
1591 281 1594 283 Δ
1831 266 1915 309 950

705 330 829 397 μήτε
859 353 949 383 πα-

625 420 782 485 τρῷον
813 415 953 467 ἵκοιτ’
985 417 1035 469 ἐς
1065 414 1220 467 οἶκον.

246 522 694 560 ΠΟΛΥΜΗΣΤΩΡ

373 595 411 648 ὦ
444 596 647 664 φίλτατ’
680 597 871 663 ἀνδρῶν
901 597 1115 663 Πρίαμε,
1148 596 1367 663 φιλτάτη
1399 600 1452 650 δὲ
1483 598 1563 657 σύ,

371 679 584 746 Ἑκάβη,
622 681 810 747 δακρύω
843 680 892 730 σ’
924 682 1135 747 εἰσορῶν
1165 682 1314 732 πόλιν
1344 704 1399 733 τε
1430 681 1527 746 σὴν

372 763 463 828 τήν
492 763 535 814 τ’
568 765 745 830 ἀρτίως
777 768 1027 816 θανοῦσαν
1058 764 1263 832 ἔκγονον
1296 765 1459 817 σέθεν.
1833 782 1914 823 955

373 852 484 914 φεῦ·

375 931 460 982 οὐκ
492 931 603 982 ἔστι
636 931 816 983 πιστὸν
848 930 1007 990 οὐδέν,
1042 931 1142 982 οὔτ’
1175 930 1370 996 εὐδοξία

375 1015 474 1066 οὔτ’
506 1015 565 1066 αὖ
598 1021 759 1067 καλῶς
791 1014 1086 1082 πράσσοντα
1113 1015 1180 1081 μὴ
1213 1014 1418 1082 πράξειν
1450 1021 1623 1067 κακῶς.

375 1100 590 1166 φύρουσι
621 1099 661 1149 δ’
694 1099 830 1150 αὐτοὶ
863 1100 967 1150 θεοὶ
998 1098 1152 1151 πάλιν
1181 1121 1236 1150 τε
1268 1100 1345 1151 καὶ
1378 1101 1551 1160 πρόσω

372 1182 624 1249 ταραγμὸν
656 1181 944 1241 ἐντιθέντες,
980 1183 1044 1235 ὡς
1076 1184 1302 1251 ἀγνωσία

375 1266 609 1332 σέβωμεν
640 1267 831 1320 αὐτούς.
921 1268 1055 1318 ἀλλὰ
1085 1271 1236 1317 ταῦτα
1266 1269 1356 1332 μὲν
1387 1269 1440 1318 τί
1465 1271 1541 1319 δεῖ
1834 1275 1916 1325 960

376 1354 589 1417 θρηνεῖν,
623 1350 950 1417 προκόπτοντ’
983 1351 1126 1402 οὐδὲν
1158 1352 1209 1403 ἐς
1241 1352 1461 1417 πρόσθεν
1495 1358 1681 1412 κακῶν;

376 1435 439 1486 σὺ
472 1433 530 1493 δ’,
566 1436 612 1486 εἴ
638 1455 684 1485 τι
714 1433 888 1505 μέμφῃ
919 1438 1006 1499 τῆς
1038 1436 1157 1499 ε’μῆς
1190 1435 1450 1493 ἀπουσίας,

376 1518 516 1586 σχές·
548 1518 777 1587 τυγχάνω
810 1520 904 1584 γὰρ
938 1520 991 1569 ἐν
1021 1518 1196 1583 μέσοις
1229 1520 1430 1589 Θρῄκης
1462 1519 1593 1585 ὅροις

375 1603 531 1661 ἀπών,
565 1602 634 1652 ὅτ’
667 1601 817 1666 ἦλθες
849 1601 991 1667 δεῦρ’·
1039 1602 1147 1653 ἐπεὶ
1178 1602 1219 1652 δ’
1253 1603 1520 1669 ἀφικόμην,

374 1686 464 1751 ἤδη
498 1685 608 1737 πόδ’
640 1684 733 1750 ἔξω
767 1684 1003 1750 δωμάτων
1036 1687 1229 1752 αἵροντί
1251 1707 1338 1751 μοι
1834 1692 1914 1746 965

376 1773 426 1823 ἐς
456 1769 634 1821 ταύτὸν
665 1770 752 1834 ἥδε
784 1770 1046 1835 συμπίτνει
1076 1771 1227 1835 δμωὶς
1258 1769 1407 1822 σέθεν

375 1853 599 1921 λέγουσα
627 1854 823 1918 μύθους,
857 1855 926 1905 ὧν
958 1854 1121 1906 κλύων
1152 1855 1420 1921 ἀφικόμην.

253 1943 340 1990 Εκ.
374 1939 678 2006 αἰσχύνομαί
706 1960 767 1989 σε
798 1938 1148 2004 προσβλέπειν
1181 1940 1421 1997 ἐναντίον,

378 2025 732 2088 Πολυμῆστορ,
770 2023 821 2073 ἐν
851 2026 1068 2074 τοιοῖσδε
1101 2022 1296 2088 κειμένη
1331 2028 1513 2076 κακοῖς.

379 2108 474 2175 ὅτῳ
507 2108 601 2172 γὰρ
634 2106 809 2173 ὤφθην
843 2107 1118 2174 εὖτυχοῦσ’,
1153 2107 1300 2160 αἰδώς
1330 2106 1380 2171 μ’
1413 2108 1518 2174 ἔχει
1835 2123 1918 2164 970

379 2193 433 2242 ἐν
463 2193 588 2259 τῷδε
619 2191 791 2260 πότμῳ
823 2190 1137 2258 τυγχάνουσῖ
1159 2190 1219 2242 ἵν’
1252 2191 1350 2256 εἰμὶ
1381 2196 1467 2242 νῦν

380 2273 494 2325 κούκ
525 2273 586 2325 ἂν
619 2276 856 2339 δυναίμην
888 2274 1236 2340 προσβλέπειν
1267 2276 1435 2341 ὀρθαῖς
1469 2276 1648 2342 κόραις.

381 2358 495 2409 ἀλλ’
528 2357 645 2409 αὐτὸ
675 2357 740 2422 μὴ
775 2359 1011 2410 δύσνοιαν
1040 2358 1208 2430 ἡγήσῃ
1241 2356 1406 2418 σέθεν,

380 2445 734 2508 Πολυμῆστορ·
783 2441 950 2495 ἄλλως
982 2442 1022 2493 δ’
1054 2444 1212 2494 αἴτιόν
1241 2465 1289 2494 τι
1322 2444 1400 2495 καὶ
1430 2444 1595 2508 νόμος,

381 2531 614 2593 γυναῖκας
643 2526 836 2592 ἀνδρῶν
865 2526 930 2591 μὴ
963 2526 1179 2592 βλέπειν
1208 2529 1452 2579 ἐναντίον.
1838 2541 1917 2584 975

310 2654 391 2692 950
420 2642 471 2690 ἢν
494 2643 526 2680 L
540 2641 592 2680 B²
776 2654 856 2692 952
888 2645 943 2684 εἷς
966 2643 1046 2681 LP
1240 2644 1322 2692 956
1351 2644 1498 2683 πιστὸν
1518 2641 1633 2684 οὐδέν
1655 2642 1695 2680 Μ
1713 2642 1747 2680 L
1766 2656 1776 2681 t
1805 2641 1920 2684 οὐδὲν

257 2697 404 2738 πιστόν
424 2697 565 2747 ΑΒΡ,
592 2710 686 2735 cum
709 2697 828 2737 Stob.
851 2709 939 2747 105.
959 2709 1012 2746 35
1034 2704 1077 2736 et
1099 2698 1245 2738 Orion.
1268 2698 1402 2737 Anth.
1423 2698 1508 2737 viii.
1533 2710 1585 2735 22
1714 2708 1794 2747 957
1825 2696 1920 2750 πρά-

257 2757 382 2802 ξαντα
402 2751 520 2790 Stob.
726 2753 807 2801 958
839 2761 1037 2805 ‹pwovow
1059 2753 1123 2791 M:
1156 2766 1262 2791 corr.
1287 2751 1345 2790 Μ2
1368 2752 1577 2805 (φέρουσιν
1597 2755 1660 2797 m)
1807 2753 1919 2791 αὐτοὶ

256 2806 409 2855 scripsi
445 2809 510 2852 (αὗ
539 2822 603 2846 τοι
634 2805 709 2845 B²t
738 2823 804 2859 γρ.
837 2808 948 2847 αὐτοὶ
984 2807 1076 2858 B³):
1107 2807 1189 2847 αὖθ’
1221 2809 1258 2846 οἱ
1291 2807 1413 2846 codd.
1434 2812 1478 2844 et
1508 2811 1539 2849 Σ
1567 2807 1630 2857 (ut
1654 2806 1788 2847 vids:
1820 2807 1920 2846 αὐτὰ

259 2859 483 2898 Hermann
518 2907 520 2909 Ι
647 2861 729 2910 963
757 2860 885 2911 μέσης
907 2860 963 2899 Μι
987 2860 1143 2912 (μέσοις
1164 2861 1206 2899 Μ
1230 2867 1271 2900 et
1293 2860 1367 2912 ΜΖ)
1534 2863 1616 2910 966
1645 2859 1864 2911 συμπίπτει
1886 2860 1921 2913 L

257 2916 337 2964 967
370 2913 608 2966 ἐφεσπόμην
643 2915 768 2954 Prinz
899 2964 901 2966 Ι
987 2928 1068 2965 972
1108 2930 1358 2966 omno-*ww*
1392 2914 1441 2966 B,
1477 2914 1650 2962 βλέπειν
1679 2915 1808 2954 inser·
1843 2913 1920 2954 B²=

258 2973 525 3022 προσδρακεῖν
542 2969 661 3008 Weil
772 2969 1052 3022 προσβλέπειν
1071 2969 1108 3010 σ’
1132 2970 1361 3020 Byzantini
