2118 3366
946 152 1212 200 EKABH

252 289 353 337 Πλ.
379 283 418 337 ὦ
449 283 635 351 στέρνα
663 282 854 349 μαστοί
878 281 940 340 θ’,
973 282 1025 333 οἵ
1048 281 1099 346 μ’
1131 280 1371 348 ἐθρέψαθ’
1400 280 1571 346 ἡδέως.

253 373 342 420 Εκ.
374 366 413 420 ὦ
442 371 531 432 τῆς
560 368 721 434 ἀώρου
750 367 967 432 θύγατερ
995 365 1174 417 ἀθλίας
1203 364 1371 431 τύχης.
1775 418 1778 421 Δ
1843 379 1926 421 425

253 456 355 504 Πλ.
379 451 530 519 χαῖρ’,
563 448 601 501 ὦ
630 454 860 508 τεκοῦσα,
893 454 1040 516 χαῖρε
1071 445 1343 514 Κασάνδρα
1372 447 1415 498 τ’
1447 449 1572 513 ἐμοί,

254 528 345 587 Εκ.
376 537 639 604 χαίρουσιν
662 533 828 591 ἄλλοι,
859 532 1006 598 μητρὶ
1037 531 1080 583 δ’
1113 531 1200 582 οὐκ
1230 531 1370 583 ἔστιν
1400 532 1530 583 τόδε.

252 623 356 670 Πλ.
380 619 410 670 ὅ
437 618 480 669 τ’
513 621 567 671 ἐν
596 619 864 685 φιλίπποις
895 614 1060 688 Θρῃξὶ
1091 615 1392 683 Πολύδωρος
1424 613 1584 669 κάσις.

254 707 344 754 Εκ.
376 705 422 755 εἷ
454 703 510 775 ζῇ
537 701 602 770 γ’·
649 702 843 753 ἀπιστῶ
875 699 933 751 δ’·
981 702 1077 752 ὧδε
1107 697 1270 751 πάντα
1299 703 1544 767 δυστυχῶ.

255 790 358 838 Πλ.
385 787 440 859 ζῇ
471 787 551 838 καὶ
582 785 830 850 θανούσης
859 786 995 850 ὄμμα
1025 785 1305 856 συγκλῄσει
1333 782 1391 834 τὸ
1422 784 1534 836 σόν.
1845 797 1930 839 430

256 874 345 926 Εκ.
376 869 571 935 τέθνηκ’
603 869 764 937 ἔγωγε
794 868 909 935 πρὶν
940 871 1110 920 θανεῖν
1142 872 1303 919 κακῶν
1331 868 1443 919 ὕπο.

254 958 357 1007 Πλ.
385 953 564 1020 κόμιζ’,
596 953 864 1011 Ὀδυσσεῦ,
896 951 948 1018 μ’
979 951 1215 1019 ἀμφιθεὶς
1245 948 1369 1018 κάρα
1399 950 1611 1004 πέπλοις

380 1038 446 1092 ὡς
475 1037 590 1105 πρὶν
621 1036 887 1105 σφαγῆναί
913 1035 959 1103 γ’
992 1034 1228 1100 ἐκτέτηκα
1259 1037 1462 1102 καρδίαν

381 1122 611 1189 θρήνοισι
637 1120 821 1189 μητρὸς
850 1119 996 1184 τήνδε
1026 1119 1069 1171 τ’
1102 1118 1289 1184 ἐκτήκω
1321 1120 1476 1186 γόοις.

381 1203 420 1257 ὦ
452 1211 577 1274 φῶς·
622 1210 917 1273 προσειπεῖν
948 1206 1043 1271 γὰρ
1075 1203 1170 1255 σὸν
1201 1203 1339 1268 ὄνομ’
1371 1202 1546 1267 ἔξεστί
1570 1223 1671 1269 μοι,
1845 1218 1928 1258 435

379 1289 584 1356 μέτεστι
613 1289 656 1340 δ’
687 1290 828 1341 οὐδὲν
859 1287 993 1352 πλὴν
1024 1289 1148 1339 ὅσον
1178 1288 1364 1355 χρόνον
1394 1285 1571 1355 ξίφους

379 1376 543 1440 βαίνω
572 1372 758 1439 μεταξὺ
791 1373 870 1424 καὶ
900 1375 1055 1438 πυρᾶς
1085 1371 1384 1439 Ἀχιλλέως.

255 1462 346 1512 Εκ.
378 1457 426 1510 οἲ
454 1458 559 1525 ’γώ,
592 1459 864 1525 προλείπω·
910 1456 1082 1508 λύεται
1113 1454 1169 1506 δέ
1196 1477 1289 1521 μου
1320 1454 1466 1521 μέλη.

381 1538 420 1592 ὦ
452 1542 678 1609 θύγατερ,
712 1540 843 1609 ἅψαι
872 1540 1072 1607 μητρός,
1106 1540 1326 1591 ἔκτεινον
1354 1538 1497 1607 χέρα,

381 1627 481 1679 δός·
525 1625 592 1692 μὴ
623 1626 775 1696 λίπῃς
803 1624 854 1690 μ’
885 1623 1067 1676 ἄπαιδ’.
1158 1624 1447 1689 ἀπωλόμην,
1482 1624 1646 1691 φίλαι.
1681 1662 1693 1675 .
1728 1661 1739 1675 .
1775 1662 1786 1675 .
1847 1640 1929 1679 440

464 1711 530 1764 ὣς
558 1709 649 1774 τὴν
679 1706 934 1760 Λάκαιναν
966 1709 1217 1775 σύγγονον
1249 1709 1553 1774 Διοσκόροιν

382 1793 598 1859 Ἑλένην
626 1795 795 1859 ἴδοιμι·
838 1796 918 1845 διὰ
951 1797 1118 1844 καλῶν
1146 1794 1243 1860 γὰρ
1274 1789 1507 1858 ὀμμάτων

383 1880 632 1947 αἴσχιστα
659 1878 847 1945 Τροίαν
880 1877 984 1929 εἷλε
1014 1876 1105 1941 τὴν
1137 1877 1419 1942 εὐδαίμονα.

255 2007 352 2056 Xo.
377 2034 449 2042 -—
636 2002 775 2069 αὔρα,
809 2003 1014 2055 ποντιὰς
1043 2001 1182 2067 αὔρα,
1796 1994 1927 2066 [στρ.

551 2085 639 2138 ἅτε
669 2086 1008 2152 ποντοπόρους
1040 2086 1175 2150 κομί-
1846 2099 1928 2139 445

386 2172 480 2236 ζεις
511 2173 631 2224 θοὰς
661 2168 869 2224 ἀκάτους
900 2169 977 2221 ἐπ’
1008 2169 1154 2235 οἶδμα
1182 2171 1377 2235 λίμνας,

551 2259 641 2308 ποῖ
665 2276 727 2320 με
756 2257 847 2305 τᾶν
875 2253 1062 2319 μελέαν
1092 2254 1266 2320 πορεύ-

553 2360 682 2398 σεις,·
729 2344 797 2408 τῷ
829 2338 1133 2391 δουλόσυνος
1162 2337 1285 2404 πρὸς
1315 2339 1385 2391 οῗ-

553 2444 639 2475 κον
671 2421 890 2487 κτηθεῖσ’
921 2421 1187 2489 ἀφίξομαι;
1236 2418 1267 2486 ἢ

639 2508 863 2573 Δωρίδος
894 2507 1045 2572 ὅρμον
1077 2507 1210 2566 α’ίας,·
1846 2520 1930 2560 450

551 2587 582 2656 ἢ
613 2588 845 2648 Φθιάδος,
880 2590 999 2641 ἔνθα
1028 2588 1116 2641 τὸν

315 2723 397 2761 424
425 2708 568 2762 μασθοί
589 2709 630 2748 Μ
647 2709 688 2748 Α
833 2720 914 2757 425
946 2707 1085 2748 ἀθλίου
1107 2706 1147 2745 Μ
1174 2722 1183 2746 z
1213 2707 1334 2748 ἀθλία
1354 2706 1576 2745 Markland
1726 2718 1804 2756 427
1833 2705 1928 2746 τόδε

258 2765 350 2805 VO
366 2765 483 2818 pr.
512 2764 568 2803 M¹
587 2778 598 2803 t
627 2764 736 2817 χάρη
757 2762 798 2802 Μ
814 2762 854 2801 Α
868 2762 902 2800 L
917 2762 951 2800 P
1154 2762 1235 2810 428
1264 2761 1401 2815 φίλοις
1420 2777 1498 2802 που
1515 2760 1682 2800 Verrall
1821 2761 1928 2813 θραξὶ

261 2821 383 2860 codd.
404 2834 413 2860 :
445 2832 550 2859 corr.
575 2819 800 2858 Hermann
967 2830 1050 2866 429
1077 2816 1141 2869 γ’]
1165 2816 1199 2857 δ’
1220 2816 1258 2855 V
1387 2813 1442 2867 δ’]
1464 2816 1506 2868 γ’
1527 2814 1565 2853 V
1579 2815 1613 2853 L
1778 2826 1859 2864 432
1887 2813 1929 2864 μ’

261 2888 343 2915 om.
367 2874 506 2915 AVL
618 2872 718 2927 κάρᾳ
738 2872 915 2913 πέπλους
937 2871 1169 2910 Kirchhoff
1314 2882 1394 2921 433
1423 2868 1483 2922 γ’]
1505 2869 1548 2921 μ’
1573 2869 1606 2907 L
1742 2881 1823 2919 435
1849 2870 1930 2922 ’γὰρ

251 2943 342 2979 ραι.
365 2930 406 2969 Α
552 2929 634 2978 438
661 2944 728 2979 μοι
747 2927 787 2966 V
943 2939 1026 2976 440
1053 2923 1095 2976 μ’
1117 2938 1197 2964 om.
1224 2926 1258 2964 L
1410 2937 1599 2974 441—443
1630 2924 1760 2963 choro
1780 2923 1929 2962 tribuit

263 2984 487 3024 Hermann
507 2998 516 3023 ε
537 2983 620 3022 del.
640 2981 845 3031 Hartung
956 2993 1036 3030 442
1066 2980 1131 3021 διὰ
1149 2980 1228 3032 γὰρ
1249 2983 1385 3020 καλῶν
1404 2979 1437 3017 L
1548 2990 1628 3028 445
1659 2978 1747 3020 ἅτις
1764 2977 1930 3019 Barnes

259 3041 346 3092 446
373 3039 516 3091 λίμνης
536 3037 576 3077 Α
592 3037 625 3076 L
790 3037 884 3087 448,
910 3048 991 3085 449
1020 3035 1080 3073 sic
1101 3035 1227 3074 etiam
1247 3039 1278 3078 Σ
1444 3044 1521 3083 451
1554 3037 1636 3074 τῶν
1655 3033 1695 3071 Α
1712 3032 1747 3072 Ρ
