2118 3366
684 696 1437 819 AN'APOMAXH

228 995 638 1044 ANAPOMAXH

352 1068 637 1138 Ἀσιάτιὸος
667 1072 758 1135 γῆς
791 1071 980 1137 σχῆμα,
1018 1068 1228 1132 Θηβαία
1258 1068 1394 1127 πόλι,

354 1154 469 1205 ὅθεν
499 1151 611 1204 ποθ’
640 1153 797 1205 ἕδνων
828 1152 923 1203 σὺν
956 1152 1256 1221 πολυχρύσῳ
1280 1156 1432 1225 χλιδῇ

354 1235 583 1304 Πριάμου
611 1235 851 1302 τύραννον
882 1235 1055 1287 ἑστίαν
1086 1235 1339 1302 ἀφικόμην

353 1319 513 1388 δάμαρ
544 1323 750 1372 δοθεῖσα
780 1316 1072 1372 παιδοποιὸς
1094 1316 1314 1385 Ἕκτορι,

356 1403 573 1469 ζηλωτὸς
601 1402 656 1455 ἔν
684 1425 744 1471 γε
774 1408 841 1473 τῷ
874 1403 989 1468 πρὶν
1020 1400 1338 1471 Ἀνδρομάχη
1367 1404 1551 1474 χρόνῳ,
1874 1422 1898 1462 5

354 1491 442 1540 νῦν
472 1487 529 1546 δ’,
566 1488 612 1539 εἵ
638 1509 711 1540 τις
745 1486 893 1551 ἄλλη,
928 1485 1304 1554 δυστυχεστάτη
1334 1485 1475 1554 γυνή·

355 1566 492 1637 [ἐμοῦ
520 1570 743 1638 πέφυκεν
773 1566 803 1634 ἢ
835 1568 1107 1637 γενήσεταί
1132 1567 1269 1636 ποτε]

353 1655 461 1720 ἥτις
490 1655 642 1707 πόσιν
672 1658 763 1721 μὲν
785 1652 988 1721 ’Ἕκτορ’
1018 1653 1077 1719 ἐξ
1102 1653 1383 1722 Ἀχιλλέως

355 1738 550 1792 θανόντ’
582 1741 794 1798 ἐσεῖδον,
829 1737 981 1790 παῖδά
1013 1738 1054 1790 θ’
1086 1737 1142 1790 ὃν
1173 1740 1319 1790 τίκτω
1350 1739 1499 1791 πόσει

353 1823 598 1891 ῥιφθέντα
625 1823 827 1890 πύργων
857 1821 1185 1874 Ἀστυάνακτ’
1217 1822 1300 1874 ἀπ’
1330 1824 1525 1889 ὀρθίων,
1849 1840 1900 1871 10

356 1907 467 1960 ἐπεὶ
493 1906 551 1959 τὸ
577 1909 761 1974 Τροίας
793 1908 932 1958 εἶλον
953 1904 1206 1971 ’Έλληνες
1236 1904 1403 1958 πέδον·

356 1990 477 2055 αὐτὴ
508 1994 561 2043 δὲ
591 1991 743 2055 δούλη
774 1996 873 2042 τῶν
906 1988 1311 2052 ἐλευθερωτάτων

358 2077 506 2127 οἴκων
536 2074 816 2140 νομισθεῖσ’
847 2072 1055 2125 Ἑλλάδ’
1088 2075 1422 2141 εἶσαφικόμην

356 2164 424 2229 τῷ
454 2159 672 2230 νησιώτῃ
702 2157 1043 2227 Νεοπτολέμῳ
1075 2158 1218 2225 δορὸς
1246 2157 1395 2225 γέρας

356 2246 562 2296 δοθεῖσα
587 2243 727 2296 λείας
757 2244 981 2309 Τρωικῆς
1013 2240 1274 2309 ἐξαίρετον.
1851 2261 1899 2301 15

358 2329 517 2380 Φθίας
546 2329 602 2380 δὲ
631 2329 786 2391 τῆσδε
819 2327 897 2378 καὶ
929 2327 1126 2380 πόλεως
1157 2329 1452 2393 Φαρσαλίας

358 2411 614 2480 σύγχορτα
644 2412 764 2463 ναίω
796 2410 943 2469 πεδί’,
980 2409 1040 2462 ἵν’
1070 2410 1099 2475 ἡ
1132 2413 1391 2463 θαλασσία

357 2499 524 2560 Πηλεῖ
550 2492 754 2564 ξυνῴκει
781 2494 933 2562 χωρὶς
965 2494 1237 2560 ἀνθρώπων
1270 2494 1422 2549 Θέτις

359 2578 598 2647 φεύγουσ’
628 2580 821 2644 ὅμιλον·
867 2577 1144 2631 Θεσσαλὸς
1173 2577 1228 2630 δέ
1258 2599 1335 2630 νιν
1364 2580 1493 2633 λεὼς

359 2663 620 2716 Θετίδειον
652 2663 776 2733 αὐδᾷ
807 2665 919 2715 θεᾶς
949 2661 1098 2729 χάριν
1127 2662 1507 2729 νυμφευμάτων.
1841 2682 1902 2709 ·20

252 2799 253 2802 =
286 2786 304 2812 1
335 2772 432 2814 πόλι
454 2773 512 2812 L:
543 2775 664 2815 πτόλι
686 2774 727 2814 Μ
742 2774 830 2813 ΑΒ
850 2789 859 2814 :
889 2773 1006 2816 πόλις
1026 2772 1111 2813 VP
1260 2777 1288 2814 6
1317 2777 1426 2816 οὔτις
1446 2774 1485 2812 V
1506 2776 1632 2824 (corr.
1658 2773 1729 2824 V²)
1752 2774 1894 2814 Haun.

227 2828 256 2868 Ι.
314 2827 379 2867 Cf.
399 2839 462 2878 sq.
656 2841 678 2879 7
709 2843 790 2869 om.
814 2835 850 2869 Π
870 2843 879 2868 :
908 2831 945 2869 οἱ
966 2830 1171 2882 ὑποκριταὶ
1193 2831 1266 2870 τὸν
1288 2833 1437 2879 ἴαμβον
1458 2828 1711 2882 προσέθηκαν
1731 2829 1898 2877 ὑπονοή-

229 2898 375 2924 σαντες
402 2882 501 2923 duaa
527 2882 604 2931 τὴν
628 2884 791 2936 γραφὴν
817 2884 866 2932 δὴ
893 2883 954 2924 τίς
976 2912 985 2921 .
1010 2913 1020 2923 .
1048 2913 1057 2923 .
1079 2885 1144 2924 καὶ
1173 2885 1262 2925 ἀντὶ
1291 2887 1364 2925 τοῦ
1393 2886 1653 2935 συγκριτικοῦ
1679 2883 1727 2922 τὸ
1755 2886 1900 2924 δυστυ-

227 2934 417 2989 χεστάτη
436 2940 468 2979 Σ
621 2950 651 2988 9
678 2940 836 2979 ἐπεῖδον
858 2937 1001 2976 Naber
1112 2938 1168 2990 θ’]
1192 2939 1226 2979 δ’
1249 2937 1340 2976 AV
1496 2950 1547 2976 10
1575 2935 1768 2989 ῥιφθέντα
1789 2937 1823 2976 L
1838 2937 1898 2977 P:

227 2990 398 3044 ῥιφέντα
418 2990 507 3030 rell.
532 2995 566 3031 n
735 3004 782 3042 17
815 2991 979 3031 initium
1004 2991 1236 3042 diversum,
1259 2999 1304 3032 ut
1324 2993 1503 3041 videtur,
1527 2993 1569 3030 in
1593 2998 1628 3033 Π
