2118 3366
821 159 1141 207 ΜΗΔΕΙΑ

279 285 318 338 ὦ
347 285 602 352 μαλθακὸς
632 286 765 354 χρὼς
796 286 989 352 πνεῦμά
1020 287 1064 339 θ’
1095 288 1302 352 ἥδιστον
1333 287 1536 340 τέκνων.
1717 301 1822 347 1075

314 392 352 421 ω
387 375 486 423 εῖτε
513 370 727 438 χωρεῖτ’·
774 369 933 422 οὐκέτ’
966 371 1064 436 εἰμὶ
1095 370 1449 438 προσβλέπειν

388 475 444 505 τε
472 449 632 520 Τπρὸς
655 448 832 519 wad,
868 455 1003 505 ἀλλὰ
1032 459 1241 520 νικῶμαι
1275 460 1457 508 κακοῖς.

278 558 359 589 και
379 536 621 603 ’μανθάνω
650 539 742 602 μὲν
777 539 856 588 οῖα
887 541 1008 604 δρᾶν
1038 538 1211 604 μέλλω
1245 538 1383 597 κακά,

279 619 430 686 θυμὸς
460 623 513 672 δὲ
545 623 798 687 κρείσσων
827 626 927 673 τῶν
960 624 1093 687 ἐμῶν
1123 622 1503 688 βουλευμάτων,

278 705 438 770 ὅσπερ
466 706 720 772 μεγίστων
752 707 909 759 αἴτιος
941 712 1103 758 κακῶν
1133 712 1354 773 βροτοῖς.
1717 711 1824 750 ¹080

152 791 243 839 Xo.
361 787 606 841 πολλάκις
636 788 727 853 ἤδη

361 873 442 924 διὰ
469 871 785 939 λεπτοτέρων
814 872 984 938 μύθων
1015 870 1199 939 ἔμολον

363 956 442 1007 καὶ
471 955 593 1023 πρὸς
623 958 842 1022 ἁμίλλας
872 956 1029 1022 ἦλθον
1058 958 1252 1022 μείζους

360 1035 399 1104 ἦ
421 1039 518 1108 χρὴ
549 1041 726 1107 γενεὰν
758 1043 917 1105 θῆλυν
947 1043 1165 1109 ἐρευνᾶν·

361 1124 496 1175 ἀλλὰ
523 1126 630 1191 γὰρ’
651 1125 791 1176 ἔστιν
820 1129 985 1189 μοῦσα
1018 1125 1096 1177 καὶ
1124 1125 1258 1191 ἡμῖν,
1721 1131 1822 1180 1085

360 1206 390 1272 ἢ
422 1214 727 1275 προσομιλεῖ
755 1210 943 1276 σοφίας
975 1209 1159 1261 ἕνεκεν·

359 1291 577 1344 πάσαισι
605 1295 697 1357 μὲν
731 1293 803 1344 οὔ·
851 1297 1038 1359 παῦρον
1069 1288 1162 1345 ’Ϋδὲ
1192 1293 1250 1357 δὴ

359 1374 506 1443 γένος
537 1379 590 1428 ἐν
621 1381 837 1429 πολλαῖς
872 1378 1030 1443 εὕροις
1061 1377 1122 1428 ἂν
1152 1371 1314 1431 ’iocosi‘

447 1459 561 1511 κούκ
592 1461 887 1526 ἀπόμουσον
918 1461 975 1512 τὸ
1003 1467 1264 1528 γυναικῶν.

363 1542 447 1596 καί
473 1551 601 1612 φημι
629 1550 829 1612 βροτῶν
862 1545 1041 1599 οἵτινές
1072 1547 1201 1597 εἰσιν
1714 1561 1823 1602 1090

359 1628 565 1694 πάμπαν
596 1629 792 1696 ἄπειροι
821 1629 934 1694 μηδ’
967 1630 1249 1696 ἐφύτευσαν

360 1716 554 1773 παῖδας,
588 1712 861 1780 προφέρειν
891 1715 963 1767 εἷς
996 1715 1230 1782 εὐτυχίαν

359 1802 458 1849 τῶν
487 1796 809 1865 γειναμένων.

361 1882 408 1935 οἳ
437 1886 530 1949 μὲν
559 1883 753 1938 ἄτεκνοι
783 1885 846 1938 δι’
878 1888 1212 1954 ἀπειροσύνην

361 1967 451 2019 εἴθ’
480 1968 570 2032 ἡδὺ
599 1975 805 2036 βροτοῖς
835 1971 924 2023 εἴτ’
955 1970 1158 2039 ἀνιαρὸν
1714 1982 1817 2022 1095

358 2053 535 2105 παῖδες
563 2053 822 2105 τελέθουσ’
853 2054 967 2122 οὐχὶ
996 2056 1235 2123 τυχόντες

358 2141 563 2188 πολλῶν
592 2137 798 2205 μόχθων
828 2138 1118 2207 ἀπέχονται·

362 2219 468 2271 οἷσι
499 2222 552 2272 δὲ
583 2219 767 2273 τέκνων
799 2221 940 2273 ἔστιν
970 2225 1023 2274 ἐν
1054 2225 1208 2277 οἴκοις

205 2342 308 2381 1077
338 2348 386 2372 τε
405 2333 502 2385 πρὸς
527 2334 627 2382 ὑμᾶς
648 2331 687 2369 Α
702 2331 752 2370 V*
771 2330 823 2369 Β2
846 2333 1012 2380 (rasura
1039 2333 1082 2371 in
1104 2331 1161 2383 V)
1182 2348 1193 2373 :
1220 2351 1269 2375 τε
1297 2337 1480 2387 προσμᾶς
1501 2333 1536 2372 Β
1557 2347 1566 2373 z
1595 2333 1634 2375 τ’
1657 2337 1697 2376 ἐς
1724 2338 1822 2387 ὑμᾶς

148 2383 183 2423 L
197 2385 232 2424 P
247 2399 258 2424 t
276 2386 374 2440 πρὸς
394 2388 494 2437 ὑμᾶς
513 2386 623 2437 (sine
640 2389 705 2436 τε)
727 2387 828 2426 Chr.
845 2386 935 2426 Pat.
957 2389 1052 2437 875,
1074 2390 1190 2427 1611.
1250 2388 1339 2427 Sed
1356 2387 1637 2442 προσβλέπειν
1652 2402 1823 2440 semper

147 2439 382 2490 simplicem
394 2439 548 2480 Accus.
573 2441 695 2491 regit.
753 2441 951 2480 Fortasse
972 2443 1011 2482 τ’
1027 2444 1107 2495 ἐγὼ
1129 2446 1235 2496 σφᾶς
1255 2443 1325 2482 vel
1346 2443 1384 2483 τ’
1408 2446 1447 2484 ἐς
1468 2443 1556 2484 ὦπα
1576 2445 1647 2496 σφ’
1665 2459 1672 2483 :
1704 2446 1742 2485 τ’
1765 2446 1820 2485 ἔθ’

147 2496 246 2545 ὑμᾶς
268 2493 433 2544 Nauck,
455 2497 531 2535 sed
553 2509 640 2534 non
665 2497 776 2535 bene
800 2496 977 2535 iteratur
998 2496 1059 2537 ἔτι
1255 2499 1360 2548 1078
1393 2500 1489 2550 δρᾶν
1507 2497 1648 2548 μέλλω
1670 2498 1703 2536 L
1725 2513 1819 2539 cum

147 2549 342 2589 omnibus
376 2551 448 2600 qui
477 2551 518 2590 h.
555 2564 593 2590 v.
626 2551 800 2590 laudant
835 2551 1139 2601 scriptoribus:
1181 2553 1378 2603 τολμήσω
1408 2552 1599 2590 AVBP
1631 2553 1820 2598 (laudant

148 2603 336 2653 Lucian„
375 2604 504 2654 Plut„
540 2605 671 2646 Clem.
707 2606 789 2657 Al„
828 2605 978 2646 Galen.
1020 2606 1141 2659 (bis),
1175 2606 1348 2658 Synes.‚
1386 2606 1594 2655 HierocL,
1630 2607 1818 2657 Arrian.‚

146 2658 334 2709 Simplic.
368 2659 485 2713 (bis),
516 2660 606 2711 alii)
782 2662 886 2710 1083
925 2663 1074 2709 ἤλυθον
1099 2661 1140 2700 Α
1312 2663 1415 2711 1084
1455 2663 1480 2711 ἢ
1510 2661 1573 2703 Α;
1610 2664 1647 2703 εἴ
1674 2663 1765 2704 rell.
1789 2670 1819 2707 Σ

144 2725 354 2764 suprascr.
377 2713 432 2753 A¹
558 2716 660 2765 1087
693 2715 738 2756 δὲ
758 2717 807 2765 δὴ
828 2715 919 2754 AV
935 2716 969 2754 B
987 2730 994 2754 :
1028 2714 1076 2756 δέ
1091 2733 1132 2757 τι
1155 2716 1189 2755 L
1204 2717 1264 2756 P:
1293 2718 1425 2770 γένος·
1457 2716 1603 2770 (μίαν)
1626 2720 1669 2758 ἐν
1687 2734 1726 2758 π.
1746 2748 1756 2758 .
1779 2750 1787 2758 .
1808 2749 1817 2758 .

144 2770 257 2809 ἴσως·
288 2770 360 2809 οὐκ
381 2768 611 2820 ἆπόμουσον
629 2772 678 2811 τὸ
698 2774 900 2823 γυναικῶν
923 2770 1123 2821 Elmsley‚
1151 2772 1200 2810 cl.
1225 2771 1369 2813 Hclid.
1393 2785 1472 2821 327
1621 2785 1724 2822 1094
1743 2772 1820 2824 μὲν

148 2821 344 2863 Porson:
382 2823 458 2875 μέν
485 2825 524 2865 τ’
555 2825 679 2864 codd.
710 2823 766 2876 (τ’
798 2826 841 2863 in
871 2836 1019 2864 rasura
1046 2825 1080 2876 l)
1220 2827 1487 2880 ἀπειροσύνην
1519 2826 1553 2865 Ρ
1586 2831 1815 2878 (suprascr.

145 2879 259 2927 -αν);
298 2877 564 2932 ἆπειροσύναν
592 2879 709 2919 re11.:
753 2879 806 2919 cf.
838 2878 939 2929 Hip.
977 2891 1053 2929 195
1267 2883 1372 2930 1096
1411 2881 1523 2933 οὐχὶ]
1557 2884 1635 2933 οὐχ
1666 2883 1704 2922 οἱ
1730 2881 1818 2920 ΑΡ

141 2930 367 3027 ἷυᾷόντείς]
395 2932 590 3026 μαθὲνέες
621 2945 831 2985 suprascr.
863 2933 942 2973 B²:
976 2933 1169 2976 τεκόντες
1199 2934 1392 2985 Elmsley
1598 2937 1701 2986 1098
1738 2936 1818 2978 οῖσι

250 3000 260 3025 2
289 3002 310 3026 ο
329 3000 395 3027 σιν
414 2987 454 3026 Α
