2118 3366
819 115 1292 164 ΙΠΠΟΛΤΤΟΣ

340 247 550 351 ᾔσχυνε
560 247 692 312 τάμὰ
718 244 906 312 λέκτρα
935 243 1299 311 κάξελέγχεται

342 332 463 399 πρὸς
491 333 579 396 τῆς
608 329 857 394 θανούσης
888 329 1125 395 ἐμφανῶς
1157 327 1391 380 κάκιστος
1420 325 1506 378 ὥν.
1802 342 1885 384 945

342 414 508 481 δεῖξον
537 412 598 472 δ’,
631 410 800 476 ἐπειδή
831 411 878 479 γ’
911 414 962 466 ἐς
991 410 1171 476 μίασμ’
1204 409 1468 475 ἐλήλυθας,

341 498 399 551 τὸ
429 497 524 551 σὸν
552 497 825 564 πρόσωπον
855 494 982 562 δεῦρ’
1014 495 1241 548 ἐναντίον
1271 495 1436 561 πατρί.

343 582 409 635 σὺ
439 581 498 647 δὴ
529 584 718 633 θεοῖσιν
749 580 816 635 ὡς
845 579 1090 648 περισσὸς
1121 577 1189 631 ὢν
1220 578 1345 645 ἀνὴρ

343 665 500 732 ξαίνεις
548 664 612 716 σὺ
643 665 863 732 σώφρων
896 665 975 716 καὶ
1006 668 1168 716 κακῶν
1198 661 1464 730 ἀκήρατος;

343 750 431 802 οὐκ
459 749 521 803 ἂν
548 749 784 815 πιθοίμην
814 752 949 800 τοῖσι
981 752 1092 802 σοῖς
1122 748 1331 813 κόμποις
1362 747 1461 813 ἐγὼ
1804 761 1889 802 950

343 837 507 887 θεοῖσι
534 832 774 901 προσθεὶς
804 833 1021 898 ἀμαθίαν
1053 836 1259 899 φρονεῖν
1289 835 1466 884 κακῶς.

342 915 470 984 Ῠῆδη
502 938 590 970 νυν
620 917 764 985 αὔχει
795 916 874 968 καὶ
904 915 966 967 δι’
999 916 1205 983 ἀψύχου
1233 918 1392 981 βορᾶς

308 1044 311 1047 .
345 995 543 1056 σίτοιςΊ·
573 999 826 1065 καπήλευ’,
860 999 1059 1067 Ὀρφέα
1087 999 1130 1050 τ’
1162 999 1330 1051 ἄνακτ’
1363 999 1495 1066 ἔχων

342 1084 568 1154 βάκχευε
594 1089 802 1138 πολλῶν
831 1082 1135 1151 γραμμάτων
1165 1088 1320 1149 τιμῶν
1346 1082 1578 1137 καπνούς·

344 1171 456 1223 ἐπεί
481 1169 530 1237 γ’
561 1167 803 1236 ἐλήφθης.
893 1168 1008 1223 τοὺς
1039 1171 1094 1220 δὲ
1124 1167 1374 1221 τοιούτους
1403 1167 1502 1234 ἐγὼ
1805 1181 1888 1226 955

345 1254 552 1322 φεύγειν
582 1258 833 1320 προφωνῶ
866 1255 1009 1305 πᾶσι·
1058 1253 1326 1319 θηρεύουσι
1354 1253 1450 1317 γὰρ

344 1342 548 1403 σεμνοῖς
574 1337 825 1423 λόγοισιν,
860 1337 1050 1404 αἰσχρὰ
1078 1336 1444 1404 μηχανώμενοι.

319 1421 577 1493 ᾖτέθνηκεν
605 1399 711 1485 ἤδει
757 1421 903 1472 τοῦτό
932 1419 982 1470 σ’
1014 1420 1263 1472 ἐκσώσειν
1294 1423 1477 1479 δοκεῖς;

302 1498 400 1559 ²²31)
428 1505 542 1576 τῷδ’
571 1506 760 1576 ἁλίσκῃ
792 1508 1054 1563 πλεῖστον,
1087 1501 1125 1555 ὠ
1159 1503 1361 1556 κάκιστε
1392 1502 1474 1555 σύ·
1811 1550 1826 1558 ,γ
1875 1510 1882 1551 ἰ

344 1594 478 1659 ποῖοι
509 1591 604 1657 γὰρ
635 1590 771 1656 ὅρκοι
804 1590 1110 1656 κρείσσονες,
1144 1589 1276 1641 τίνες
1304 1588 1452 1654 λόγοι
1807 1592 1888 1646 960

339 1664 486 1739 ’τῆσδ’
516 1673 579 1726 ἂν
607 1672 820 1741 γένοιντ’
853 1672 929 1747 ἄν,
962 1673 1095 1724 ὥστε
1125 1672 1175 1722 σ’
1208 1673 1371 1724 αἰτίαν
1402 1676 1608 1739 φυγειν,·

341 1780 511 1825 μισειν
542 1779 604 1810 σε
634 1755 819 1826 φήσεις
850 1754 998 1821 τήνδε
1029 1756 1110 1808 καὶ
1139 1755 1196 1807 τὸ
1226 1755 1284 1820 δὴ
1317 1757 1466 1808 νόθον

342 1848 448 1897 τοῖς
476 1843 737 1910 γνησίοισι
768 1829 1010 1906 πολέμιον
1040 1838 1333 1907 πεφυκέναι·

344 1925 498 2001 κακὴν
528 1925 603 2017 ἄρ’
634 1924 786 1993 αὐτὴν
820 1926 1037 1992 ἔμπορον
1066 1926 1184 1990 βίου
1212 1923 1395 1991 λέγεις,

342 2012 386 2064 εἰ
415 2003 682 2079 δυσμενεια
713 2016 781 2096 σῇ
813 2031 876 2062 τα
906 2008 1108 2077 φίλτατ’
1138 2008 1347 2060 ὤλεσεν.
1805 2011 1885 2066 965

218 2120 293 2166 {Q
343 2094 460 2148 ἀλλ’
484 2095 550 2150 ὡς
579 2094 636 2146 τὸ
665 2093 833 2160 μῶρον
864 2092 1106 2159 ἀνδράσιν
1134 2114 1227 2158 μεν
1257 2091 1343 2143 οὐκ
1376 2091 1464 2161 ἔνι,

342 2177 543 2247 γυναιξὶ
574 2178 616 2230 δ’
649 2177 956 2244 ἐμπέφυκεν,·
1004 2175 1093 2228 οἶδ’
1123 2177 1222 2243 ἐγὼ
1252 2175 1408 2235 νέους,

341 2263 484 2315 οὐδὲν
511 2267 759 2330 γυναικῶν
793 2263 941 2315 ὄντας
971 2260 1402 2327 ἀσφαλεστέρους,

343 2348 463 2399 ὅταν
491 2345 679 2418 ταράξῃ
712 2346 901 2412 Κύπρις
929 2345 1143 2411 ἡβῶσαν
1173 2343 1350 2411 φρένα·

340 2430 396 2483 τὸ
427 2431 468 2483 δ’
498 2430 654 2498 ἄρσεν
684 2430 860 2484 αὐτοὺς
891 2429 1085 2496 ὠφελεῖ
1110 2429 1488 2495 προσκείμενον.
1805 2442 1886 2487 970

270 2549 353 2601 946
382 2548 581 2598 ἐλήλυθας
600 2548 721 2588 codd.
748 2552 790 2587 et
810 2552 865 2591 Σε
899 2546 1080 2596 ἐλήλυθα
1100 2545 1328 2597 Musgrave
1519 2556 1602 2596 950
1630 2545 1827 2597 πυθοίμην
1845 2545 1887 2584 Α

216 2609 260 2644 et
288 2609 388 2644 ante
417 2615 497 2643 ras.
522 2602 564 2641 M
582 2602 633 2656 (²)
854 2612 951 2653 952,
971 2612 1052 2651 953
1083 2601 1212 2642 σίτοις
1238 2617 1308 2642 νυν
1333 2602 1449 2652 αὔχει
1470 2602 1536 2642 καὶ
1559 2630 1568 2639 .
1595 2631 1604 2641 .
1626 2630 1637 2642 .
1660 2601 1729 2641 ἰὼν
1750 2599 1887 2652 (δόξαν

217 2657 464 2710 Wecklein)
485 2657 680 2707 καπήλευ’
702 2656 854 2697 Nauck
1019 2666 1101 2705 953
1130 2655 1278 2700 σίτοιςἾ
1301 2657 1421 2708 σιγὰς
1437 2655 1595 2695 Goram
1705 2654 1887 2708 Ὀρφέως

216 2712 358 2755 ἄνακτ’
381 2711 424 2751 Μ
445 2712 478 2765 (⁹
482 2711 613 2766 Ορφέ’
634 2714 686 2755 ὡς
707 2712 785 2761 Μ’)
979 2721 1060 2760 954
1088 2715 1242 2752 πολιῶν
1263 2709 1489 2760 Musgrave
1629 2712 1794 2751 καπνοῖς
1812 2709 1857 2748 Μ
1874 2724 1884 2750 :

218 2779 327 2808 corr.
349 2766 411 2805 Μ2
555 2768 638 2817 956
667 2765 904 2821 θηρεύσουσι
924 2763 967 2803 Μ
1115 2765 1198 2815 958
1228 2763 1419 2816 ἐκσώζειν
1437 2763 1480 2803 Α
1621 2765 1701 2814 961
1732 2763 1885 2817 γένοιτ’

218 2821 260 2862 Μ
276 2821 312 2862 Ρ
325 2821 385 2873 (D
399 2820 458 2875 Ο)
568 2822 651 2870 962
669 2825 852 2873 μισεῖνγ
822 2837 874 2873 γε
890 2819 925 2859 Ρ
940 2824 983 2858 et
1003 2819 1096 2858 sine
1116 2819 1244 2859 dubio
1261 2819 1323 2858 L:
1353 2832 1460 2860 corr.
1475 2819 1491 2857 ἱ
1599 2820 1682 2868 963
1700 2819 1887 2871 γνησίοις

218 2892 293 2919 σου
322 2876 358 2916 Ρ
545 2876 630 2927 965
668 2877 694 2926 ἦ
723 2874 937 2928 δυσγένεια
966 2875 1020 2923 σὺ
1051 2874 1124 2914 M.
1160 2875 1187 2924 ἢ
1216 2873 1430 2924 δυσμένεια
1459 2873 1513 2923 σὴ
1546 2872 1631 2914 Μ”ς
1671 2872 1887 2926 δυσγένεια

218 2948 287 2986 γρ.
316 2944 344 2971 v
533 2934 587 2972 τὰ
620 2931 723 2984 φίλα.
754 2931 792 2972 τ’
826 2928 882 2968 Α2
914 2929 957 2967 in
990 2940 1073 2969 ras.
1272 2929 1484 2970 ἀπώλεσεν
1516 2927 1608 2967 VN
1642 2933 1687 2968 et
1720 2933 1769 2969 ut
1798 2927 1883 2969 vid.

219 2986 411 3036 primitus
443 2986 476 3024 L
