<?xml version="1.0" encoding="UTF-8"?>
<!DOCTYPE html PUBLIC "-//W3C//DTD XHTML 1.0 Transitional//EN"
    "http://www.w3.org/TR/xhtml1/DTD/xhtml1-transitional.dtd">
<html xmlns="http://www.w3.org/1999/xhtml" xml:lang="en" lang="en">
 <head>
  <title>
</title>
<meta http-equiv="Content-Type" content="text/html;charset=utf-8" />
  <meta name='ocr-system' content='tesseract 3.04.00' />
  <meta name='ocr-capabilities' content='ocr_page ocr_carea ocr_par ocr_line ocrx_word'/>
</head>
<body>
  <div class='ocr_page' id='page_1' title='image "./euripidistragoed01euriuoft_0101.png"; bbox 0 0 2118 3366; ppageno 0'>
   <div class='ocr_carea' id='block_1_1' title="bbox 750 794 1228 862">
    <p class='ocr_par' dir='ltr' id='par_1_1' title="bbox 750 794 1228 862">
     <span class='ocr_line' id='line_1_1' title="bbox 750 794 1228 862; baseline -0.002 0"><span class='ocrx_word' id='word_1_1' title='bbox 750 794 1228 862; x_wconf 86' lang='grc' dir='ltr'>ΜΗΔΕΙΑ</span> 
     </span>
    </p>
   </div>
   <div class='ocr_carea' id='block_1_2' title="bbox 160 1063 1829 2868">
    <p class='ocr_par' dir='ltr' id='par_1_2' title="bbox 160 1063 1828 2384">
     <span class='ocr_line' id='line_1_2' title="bbox 160 1063 405 1104; baseline 0.004 -3"><span class='ocrx_word' id='word_1_2' title='bbox 160 1063 405 1104; x_wconf 80' lang='grc' dir='ltr'><strong>ΤΡΟΦΟΣ</strong></span> 
     </span>
     <span class='ocr_line' id='line_1_3' title="bbox 289 1133 1489 1205; baseline 0.002 -16"><span class='ocrx_word' id='word_1_3' title='bbox 289 1137 398 1191; x_wconf 75' lang='grc' dir='ltr'>Εἴθ’</span> <span class='ocrx_word' id='word_1_4' title='bbox 430 1133 597 1205; x_wconf 53' lang='grc' dir='ltr'>ὤφελ’</span> <span class='ocrx_word' id='word_1_5' title='bbox 618 1137 830 1204; x_wconf 84' lang='grc' dir='ltr'>Ἀργοῦς</span> <span class='ocrx_word' id='word_1_6' title='bbox 858 1135 924 1202; x_wconf 79' lang='grc' dir='ltr'>μὴ</span> <span class='ocrx_word' id='word_1_7' title='bbox 958 1135 1261 1189; x_wconf 87' lang='grc' dir='ltr'>διαπτάσθαι</span> <span class='ocrx_word' id='word_1_8' title='bbox 1293 1136 1489 1204; x_wconf 77' lang='grc' dir='ltr'>σκάφος</span> 
     </span>
     <span class='ocr_line' id='line_1_4' title="bbox 289 1219 1379 1290; baseline 0 -16"><span class='ocrx_word' id='word_1_9' title='bbox 289 1223 505 1290; x_wconf 81' lang='grc' dir='ltr'>Κόλχων</span> <span class='ocrx_word' id='word_1_10' title='bbox 535 1223 585 1275; x_wconf 84' lang='grc' dir='ltr'>ἐς</span> <span class='ocrx_word' id='word_1_11' title='bbox 615 1221 729 1273; x_wconf 82' lang='grc' dir='ltr'>αἶαν</span> <span class='ocrx_word' id='word_1_12' title='bbox 761 1219 967 1274; x_wconf 80' lang='grc' dir='ltr'>κυανέας</span> <span class='ocrx_word' id='word_1_13' title='bbox 999 1220 1379 1288; x_wconf 82' lang='grc' dir='ltr'>Συμπληγάδας,</span> 
     </span>
     <span class='ocr_line' id='line_1_5' title="bbox 286 1304 1313 1372; baseline -0.002 -13"><span class='ocrx_word' id='word_1_14' title='bbox 286 1305 400 1372; x_wconf 89' lang='grc' dir='ltr'>μηδ’</span> <span class='ocrx_word' id='word_1_15' title='bbox 434 1308 488 1358; x_wconf 83' lang='grc' dir='ltr'>ἐν</span> <span class='ocrx_word' id='word_1_16' title='bbox 518 1304 727 1358; x_wconf 85' lang='grc' dir='ltr'>νάπαισι</span> <span class='ocrx_word' id='word_1_17' title='bbox 758 1306 955 1370; x_wconf 88' lang='grc' dir='ltr'>Πηλίου</span> <span class='ocrx_word' id='word_1_18' title='bbox 984 1309 1161 1356; x_wconf 85' lang='grc' dir='ltr'>πεσεῖν</span> <span class='ocrx_word' id='word_1_19' title='bbox 1191 1326 1313 1357; x_wconf 89' lang='grc' dir='ltr'>ποτε</span> 
     </span>
     <span class='ocr_line' id='line_1_6' title="bbox 287 1388 1366 1457; baseline 0 -15"><span class='ocrx_word' id='word_1_20' title='bbox 287 1393 533 1456; x_wconf 82' lang='grc' dir='ltr'>τμηθεῖσα</span> <span class='ocrx_word' id='word_1_21' title='bbox 561 1390 732 1454; x_wconf 83' lang='grc' dir='ltr'>πεύκη,</span> <span class='ocrx_word' id='word_1_22' title='bbox 765 1388 876 1454; x_wconf 88' lang='grc' dir='ltr'>μηδ’</span> <span class='ocrx_word' id='word_1_23' title='bbox 909 1391 1184 1455; x_wconf 82' lang='grc' dir='ltr'>ἐρετμῶσαι</span> <span class='ocrx_word' id='word_1_24' title='bbox 1214 1388 1366 1457; x_wconf 84' lang='grc' dir='ltr'>χέρας</span> 
     </span>
     <span class='ocr_line' id='line_1_7' title="bbox 288 1471 1828 1542; baseline 0 -16"><span class='ocrx_word' id='word_1_25' title='bbox 288 1476 478 1542; x_wconf 82' lang='grc' dir='ltr'>ἀνδρῶν</span> <span class='ocrx_word' id='word_1_26' title='bbox 508 1475 742 1541; x_wconf 84' lang='grc' dir='ltr'>ἀρίστων,</span> <span class='ocrx_word' id='word_1_27' title='bbox 777 1473 823 1525; x_wconf 77' lang='grc' dir='ltr'>οἳ</span> <span class='ocrx_word' id='word_1_28' title='bbox 852 1472 907 1524; x_wconf 86' lang='grc' dir='ltr'>τὸ</span> <span class='ocrx_word' id='word_1_29' title='bbox 937 1471 1233 1541; x_wconf 86' lang='grc' dir='ltr'>πάγχρυσον</span> <span class='ocrx_word' id='word_1_30' title='bbox 1264 1473 1407 1541; x_wconf 89' lang='grc' dir='ltr'>δέρας</span> <span class='ocrx_word' id='word_1_31' title='bbox 1805 1490 1828 1531; x_wconf 92' lang='grc'><strong><em>5</em></strong></span> 
     </span>
     <span class='ocr_line' id='line_1_8' title="bbox 289 1556 1471 1628; baseline -0.001 -17"><span class='ocrx_word' id='word_1_32' title='bbox 289 1560 456 1628; x_wconf 75' lang='grc' dir='ltr'>Πελίᾳ</span> <span class='ocrx_word' id='word_1_33' title='bbox 483 1561 749 1624; x_wconf 87' lang='grc' dir='ltr'>μετῆλθον.</span> <span class='ocrx_word' id='word_1_34' title='bbox 825 1557 880 1609; x_wconf 83' lang='grc' dir='ltr'>οὐ</span> <span class='ocrx_word' id='word_1_35' title='bbox 911 1559 1005 1625; x_wconf 79' lang='grc' dir='ltr'>γὰρ</span> <span class='ocrx_word' id='word_1_36' title='bbox 1035 1556 1096 1609; x_wconf 81' lang='grc' dir='ltr'>ἂν</span> <span class='ocrx_word' id='word_1_37' title='bbox 1127 1556 1349 1610; x_wconf 89' lang='grc' dir='ltr'>δέσποιν’</span> <span class='ocrx_word' id='word_1_38' title='bbox 1380 1557 1471 1623; x_wconf 80' lang='grc' dir='ltr'>ἐμὴ</span> 
     </span>
     <span class='ocr_line' id='line_1_9' title="bbox 290 1640 1343 1710; baseline 0.001 -16"><span class='ocrx_word' id='word_1_39' title='bbox 290 1641 487 1708; x_wconf 89' lang='grc' dir='ltr'>Μήδεια</span> <span class='ocrx_word' id='word_1_40' title='bbox 514 1643 731 1710; x_wconf 85' lang='grc' dir='ltr'>πύργους</span> <span class='ocrx_word' id='word_1_41' title='bbox 762 1645 854 1709; x_wconf 88' lang='grc' dir='ltr'>γῆς</span> <span class='ocrx_word' id='word_1_42' title='bbox 884 1640 1088 1693; x_wconf 82' lang='grc' dir='ltr'>ἔπλευσ’</span> <span class='ocrx_word' id='word_1_43' title='bbox 1118 1640 1343 1695; x_wconf 87' lang='grc' dir='ltr'>Ἰωλκίας</span> 
     </span>
     <span class='ocr_line' id='line_1_10' title="bbox 287 1724 1214 1794; baseline 0 -15"><span class='ocrx_word' id='word_1_44' title='bbox 287 1727 432 1794; x_wconf 85' lang='grc' dir='ltr'>ἔρωτι</span> <span class='ocrx_word' id='word_1_45' title='bbox 462 1726 614 1792; x_wconf 86' lang='grc' dir='ltr'>θυμὸν</span> <span class='ocrx_word' id='word_1_46' title='bbox 645 1725 939 1793; x_wconf 78' lang='grc' dir='ltr'>ἐκπλαγεῖσ’</span> <span class='ocrx_word' id='word_1_47' title='bbox 970 1724 1214 1779; x_wconf 88' lang='grc' dir='ltr'>Ἰάσονος·</span> 
     </span>
     <span class='ocr_line' id='line_1_11' title="bbox 289 1809 1428 1877; baseline 0.003 -15"><span class='ocrx_word' id='word_1_48' title='bbox 289 1810 392 1863; x_wconf 78' lang='grc' dir='ltr'>οὐδ’</span> <span class='ocrx_word' id='word_1_49' title='bbox 421 1810 483 1864; x_wconf 81' lang='grc' dir='ltr'>ἂν</span> <span class='ocrx_word' id='word_1_50' title='bbox 519 1815 713 1863; x_wconf 83' lang='grc' dir='ltr'>κτανεῖν</span> <span class='ocrx_word' id='word_1_51' title='bbox 743 1812 967 1863; x_wconf 84' lang='grc' dir='ltr'>πείσασα</span> <span class='ocrx_word' id='word_1_52' title='bbox 997 1809 1252 1863; x_wconf 89' lang='grc' dir='ltr'>Πελιάδας</span> <span class='ocrx_word' id='word_1_53' title='bbox 1283 1810 1428 1877; x_wconf 83' lang='grc' dir='ltr'>κόρας</span> 
     </span>
     <span class='ocr_line' id='line_1_12' title="bbox 288 1892 1827 1966; baseline -0.003 -18"><span class='ocrx_word' id='word_1_54' title='bbox 288 1894 479 1962; x_wconf 81' lang='grc' dir='ltr'>πατέρα</span> <span class='ocrx_word' id='word_1_55' title='bbox 510 1892 711 1966; x_wconf 82' lang='grc' dir='ltr'>κατῴκει</span> <span class='ocrx_word' id='word_1_56' title='bbox 742 1893 888 1960; x_wconf 88' lang='grc' dir='ltr'>τήνδε</span> <span class='ocrx_word' id='word_1_57' title='bbox 918 1896 1012 1960; x_wconf 86' lang='grc' dir='ltr'>γῆν</span> <span class='ocrx_word' id='word_1_58' title='bbox 1044 1894 1312 1961; x_wconf 86' lang='grc' dir='ltr'>Κορινθίαν</span> <span class='ocrx_word' id='word_1_59' title='bbox 1776 1910 1827 1939; x_wconf 91' lang='lat'>10</span> 
     </span>
     <span class='ocr_line' id='line_1_13' title="bbox 287 1977 1389 2046; baseline -0.002 -14"><span class='ocrx_word' id='word_1_60' title='bbox 287 1977 377 2044; x_wconf 79' lang='grc' dir='ltr'>ξὺν</span> <span class='ocrx_word' id='word_1_61' title='bbox 407 1980 546 2046; x_wconf 87' lang='grc' dir='ltr'>ἆνδρὶ</span> <span class='ocrx_word' id='word_1_62' title='bbox 578 1980 656 2031; x_wconf 87' lang='grc' dir='ltr'>καὶ</span> <span class='ocrx_word' id='word_1_63' title='bbox 687 1978 954 2036; x_wconf 87' lang='grc' dir='ltr'>τέκνοισιν,</span> <span class='ocrx_word' id='word_1_64' title='bbox 986 1977 1269 2030; x_wconf 84' lang='grc' dir='ltr'>ἅνδάνουσα</span> <span class='ocrx_word' id='word_1_65' title='bbox 1297 1980 1389 2043; x_wconf 77' lang='grc' dir='ltr'>μὲν</span> 
     </span>
     <span class='ocr_line' id='line_1_14' title="bbox 286 2063 1213 2136; baseline -0.003 -20"><span class='ocrx_word' id='word_1_66' title='bbox 286 2070 423 2136; x_wconf 82' lang='grc' dir='ltr'>φυγῇ</span> <span class='ocrx_word' id='word_1_67' title='bbox 452 2068 672 2116; x_wconf 85' lang='grc' dir='ltr'>πολιτῶν</span> <span class='ocrx_word' id='word_1_68' title='bbox 700 2064 769 2116; x_wconf 81' lang='grc' dir='ltr'>ὧν</span> <span class='ocrx_word' id='word_1_69' title='bbox 800 2064 1008 2132; x_wconf 83' lang='grc' dir='ltr'>ἀφίκετο</span> <span class='ocrx_word' id='word_1_70' title='bbox 1037 2063 1213 2132; x_wconf 84' lang='grc' dir='ltr'>χθόνα,</span> 
     </span>
     <span class='ocr_line' id='line_1_15' title="bbox 289 2142 1257 2211; baseline -0.003 -12"><span class='ocrx_word' id='word_1_71' title='bbox 289 2145 410 2211; x_wconf 76' lang='grc' dir='ltr'>αὐτή</span> <span class='ocrx_word' id='word_1_72' title='bbox 440 2168 496 2199; x_wconf 92' lang='grc' dir='ltr'>τε</span> <span class='ocrx_word' id='word_1_73' title='bbox 523 2145 686 2199; x_wconf 91' lang='grc' dir='ltr'>πάντα</span> <span class='ocrx_word' id='word_1_74' title='bbox 715 2142 1018 2211; x_wconf 80' lang='grc' dir='ltr'>ξυμφέρουσ’</span> <span class='ocrx_word' id='word_1_75' title='bbox 1049 2143 1257 2196; x_wconf 85' lang='grc' dir='ltr'>Ἰάσονι·</span> 
     </span>
     <span class='ocr_line' id='line_1_16' title="bbox 290 2229 1179 2298; baseline -0.004 -15"><span class='ocrx_word' id='word_1_76' title='bbox 290 2230 418 2298; x_wconf 90' lang='grc' dir='ltr'>ἥπερ</span> <span class='ocrx_word' id='word_1_77' title='bbox 445 2231 656 2297; x_wconf 84' lang='grc' dir='ltr'>μεγίστη</span> <span class='ocrx_word' id='word_1_78' title='bbox 688 2230 914 2296; x_wconf 86' lang='grc' dir='ltr'>γίγνεται</span> <span class='ocrx_word' id='word_1_79' title='bbox 944 2229 1179 2294; x_wconf 89' lang='grc' dir='ltr'>σωτηρία,</span> 
     </span>
     <span class='ocr_line' id='line_1_17' title="bbox 292 2311 1827 2384; baseline -0.007 -18"><span class='ocrx_word' id='word_1_80' title='bbox 292 2315 413 2366; x_wconf 85' lang='grc' dir='ltr'>ὅταν</span> <span class='ocrx_word' id='word_1_81' title='bbox 441 2313 563 2382; x_wconf 81' lang='grc' dir='ltr'>γυνὴ</span> <span class='ocrx_word' id='word_1_82' title='bbox 593 2312 716 2380; x_wconf 86' lang='grc' dir='ltr'>πρὸς</span> <span class='ocrx_word' id='word_1_83' title='bbox 746 2312 898 2379; x_wconf 86' lang='grc' dir='ltr'>ἄνδρα</span> <span class='ocrx_word' id='word_1_84' title='bbox 926 2311 993 2377; x_wconf 76' lang='grc' dir='ltr'>μὴ</span> <span class='ocrx_word' id='word_1_85' title='bbox 1025 2312 1312 2384; x_wconf 86' lang='grc' dir='ltr'>διχοστατῇ.</span> <span class='ocrx_word' id='word_1_86' title='bbox 1779 2326 1827 2367; x_wconf 84' lang='lat'>¹5</span> 
     </span>
    </p>

    <p class='ocr_par' dir='ltr' id='par_1_3' title="bbox 167 2393 1829 2868">
     <span class='ocr_line' id='line_1_18' title="bbox 370 2393 1572 2463; baseline -0.002 -14"><span class='ocrx_word' id='word_1_87' title='bbox 370 2401 458 2449; x_wconf 84' lang='grc' dir='ltr'>νῦν</span> <span class='ocrx_word' id='word_1_88' title='bbox 488 2396 532 2447; x_wconf 88' lang='grc' dir='ltr'>δ’</span> <span class='ocrx_word' id='word_1_89' title='bbox 563 2397 718 2463; x_wconf 80' lang='grc' dir='ltr'>ἐχθρὰ</span> <span class='ocrx_word' id='word_1_90' title='bbox 748 2393 923 2453; x_wconf 85' lang='grc' dir='ltr'>πάντα,</span> <span class='ocrx_word' id='word_1_91' title='bbox 962 2393 1043 2445; x_wconf 87' lang='grc' dir='ltr'>καὶ</span> <span class='ocrx_word' id='word_1_92' title='bbox 1073 2399 1219 2447; x_wconf 89' lang='grc' dir='ltr'>νοσεῖ</span> <span class='ocrx_word' id='word_1_93' title='bbox 1245 2397 1307 2446; x_wconf 77' lang='grc' dir='ltr'>τὰ</span> <span class='ocrx_word' id='word_1_94' title='bbox 1338 2395 1572 2459; x_wconf 86' lang='grc' dir='ltr'>φίλτατα.</span> 
     </span>
     <span class='ocr_line' id='line_1_19' title="bbox 291 2477 1479 2549; baseline -0.005 -15"><span class='ocrx_word' id='word_1_95' title='bbox 291 2481 501 2549; x_wconf 83' lang='grc' dir='ltr'>προδοὺς</span> <span class='ocrx_word' id='word_1_96' title='bbox 530 2482 627 2547; x_wconf 78' lang='grc' dir='ltr'>γὰρ</span> <span class='ocrx_word' id='word_1_97' title='bbox 655 2480 803 2530; x_wconf 83' lang='grc' dir='ltr'>αὑτοῦ</span> <span class='ocrx_word' id='word_1_98' title='bbox 832 2477 982 2530; x_wconf 90' lang='grc' dir='ltr'>τέκνα</span> <span class='ocrx_word' id='word_1_99' title='bbox 1012 2477 1251 2529; x_wconf 90' lang='grc' dir='ltr'>δεσπότιν</span> <span class='ocrx_word' id='word_1_100' title='bbox 1280 2477 1323 2528; x_wconf 87' lang='grc' dir='ltr'>τ’</span> <span class='ocrx_word' id='word_1_101' title='bbox 1356 2477 1479 2542; x_wconf 80' lang='grc' dir='ltr'>ἐμὴν</span> 
     </span>
     <span class='ocr_line' id='line_1_20' title="bbox 290 2559 1300 2632; baseline -0.005 -16"><span class='ocrx_word' id='word_1_102' title='bbox 290 2563 467 2632; x_wconf 88' lang='grc' dir='ltr'>γάμοις</span> <span class='ocrx_word' id='word_1_103' title='bbox 495 2563 679 2616; x_wconf 84' lang='grc' dir='ltr'>Ἰάσων</span> <span class='ocrx_word' id='word_1_104' title='bbox 708 2566 999 2628; x_wconf 87' lang='grc' dir='ltr'>βασιλικοῖς</span> <span class='ocrx_word' id='word_1_105' title='bbox 1031 2559 1300 2624; x_wconf 79' lang='grc' dir='ltr'>εὐνάζεται,</span> 
     </span>
     <span class='ocr_line' id='line_1_21' title="bbox 289 2636 1467 2717; baseline -0.003 -16"><span class='ocrx_word' id='word_1_106' title='bbox 289 2647 451 2717; x_wconf 88' lang='grc' dir='ltr'>γήμας</span> <span class='ocrx_word' id='word_1_107' title='bbox 482 2647 729 2716; x_wconf 89' lang='grc' dir='ltr'>Κρέοντος</span> <span class='ocrx_word' id='word_1_108' title='bbox 757 2636 913 2704; x_wconf 43' lang='grc' dir='ltr'>παῖδ’,’</span> <span class='ocrx_word' id='word_1_109' title='bbox 942 2643 996 2699; x_wconf 82' lang='grc' dir='ltr'>ὃς</span> <span class='ocrx_word' id='word_1_110' title='bbox 1025 2646 1241 2715; x_wconf 77' lang='grc' dir='ltr'>αἰσυμνᾷ</span> <span class='ocrx_word' id='word_1_111' title='bbox 1270 2644 1467 2712; x_wconf 87' lang='grc' dir='ltr'>χθονός·</span> 
     </span>
     <span class='ocr_line' id='line_1_22' title="bbox 221 2758 1829 2816; baseline -0.006 -10"><span class='ocrx_word' id='word_1_112' title='bbox 221 2776 248 2815; x_wconf 88' lang='grc'>5</span> <span class='ocrx_word' id='word_1_113' title='bbox 275 2765 451 2816; x_wconf 76' lang='grc' dir='ltr'>ἀρίστων</span> <span class='ocrx_word' id='word_1_114' title='bbox 469 2765 590 2804; x_wconf 88' lang='lat' dir='ltr'><strong>codd.</strong></span> <span class='ocrx_word' id='word_1_115' title='bbox 615 2770 658 2803; x_wconf 84' lang='lat' dir='ltr'>et</span> <span class='ocrx_word' id='word_1_116' title='bbox 679 2767 709 2806; x_wconf 82' lang='grc' dir='ltr'>Σ</span> <span class='ocrx_word' id='word_1_117' title='bbox 728 2777 737 2802; x_wconf 87' lang='lat'>:</span> <span class='ocrx_word' id='word_1_118' title='bbox 767 2759 964 2815; x_wconf 80' lang='grc' dir='ltr'>ἀριστέων</span> <span class='ocrx_word' id='word_1_119' title='bbox 983 2760 1228 2807; x_wconf 86' lang='lat' dir='ltr'>Wakefield</span> <span class='ocrx_word' id='word_1_120' title='bbox 1353 2758 1488 2814; x_wconf 83' lang='grc' dir='ltr'>δέρας]</span> <span class='ocrx_word' id='word_1_121' title='bbox 1511 2758 1624 2813; x_wconf 83' lang='grc' dir='ltr'>δέρος</span> <span class='ocrx_word' id='word_1_122' title='bbox 1647 2759 1680 2798; x_wconf 91' lang='lat' dir='ltr'>L</span> <span class='ocrx_word' id='word_1_123' title='bbox 1701 2764 1743 2799; x_wconf 85' lang='lat' dir='ltr'>et</span> <span class='ocrx_word' id='word_1_124' title='bbox 1763 2767 1799 2801; x_wconf 86' lang='grc' dir='ltr'>Π</span> <span class='ocrx_word' id='word_1_125' title='bbox 1819 2774 1829 2799; x_wconf 90' lang='lat'>:</span> 
     </span>
     <span class='ocr_line' id='line_1_23' title="bbox 167 2813 1825 2868; baseline -0.003 -9"><span class='ocrx_word' id='word_1_126' title='bbox 167 2819 218 2860; x_wconf 86' lang='lat' dir='ltr'>cf.</span> <span class='ocrx_word' id='word_1_127' title='bbox 263 2819 456 2860; x_wconf 85' lang='lat' dir='ltr'><strong>Eustath.</strong></span> <span class='ocrx_word' id='word_1_128' title='bbox 500 2819 544 2858; x_wconf 86' lang='lat' dir='ltr'>in</span> <span class='ocrx_word' id='word_1_129' title='bbox 587 2818 634 2857; x_wconf 88' lang='lat'>11.</span> <span class='ocrx_word' id='word_1_130' title='bbox 677 2831 716 2868; x_wconf 88' lang='lat' dir='ltr'>p.</span> <span class='ocrx_word' id='word_1_131' title='bbox 759 2819 852 2856; x_wconf 91' lang='lat'><strong>600.</strong></span> <span class='ocrx_word' id='word_1_132' title='bbox 926 2815 989 2854; x_wconf 88' lang='lat' dir='ltr'>Cf.</span> <span class='ocrx_word' id='word_1_133' title='bbox 1030 2816 1112 2864; x_wconf 89' lang='lat'>480</span> <span class='ocrx_word' id='word_1_134' title='bbox 1323 2827 1368 2853; x_wconf 85' lang='lat'>11</span> <span class='ocrx_word' id='word_1_135' title='bbox 1413 2813 1506 2866; x_wconf 84' lang='grc' dir='ltr'>μὲν]</span> <span class='ocrx_word' id='word_1_136' title='bbox 1546 2815 1638 2867; x_wconf 75' lang='grc' dir='ltr'>πρὶν</span> <span class='ocrx_word' id='word_1_137' title='bbox 1678 2814 1825 2865; x_wconf 85' lang='lat' dir='ltr'><strong>Steup.</strong></span> 
     </span>
    </p>
   </div>
   <div class='ocr_carea' id='block_1_3' title="bbox 167 2869 1828 2982">
    <p class='ocr_par' dir='ltr' id='par_1_4' title="bbox 167 2869 1828 2982">
     <span class='ocr_line' id='line_1_24' title="bbox 172 2869 1828 2929; baseline -0.001 -17"><span class='ocrx_word' id='word_1_138' title='bbox 172 2887 220 2912; x_wconf 83' lang='lat'>12</span> <span class='ocrx_word' id='word_1_139' title='bbox 263 2876 373 2929; x_wconf 78' lang='grc' dir='ltr'>φυγῇ</span> <span class='ocrx_word' id='word_1_140' title='bbox 406 2878 585 2916; x_wconf 82' lang='grc' dir='ltr'>πολιτῶν</span> <span class='ocrx_word' id='word_1_141' title='bbox 614 2873 737 2913; x_wconf 89' lang='lat' dir='ltr'><strong>codd.</strong></span> <span class='ocrx_word' id='word_1_142' title='bbox 774 2877 816 2911; x_wconf 87' lang='lat' dir='ltr'>et</span> <span class='ocrx_word' id='word_1_143' title='bbox 845 2875 906 2914; x_wconf 75' lang='grc' dir='ltr'>Σε</span> <span class='ocrx_word' id='word_1_144' title='bbox 949 2869 1137 2911; x_wconf 78' lang='grc' dir='ltr'>πολίταις</span> <span class='ocrx_word' id='word_1_145' title='bbox 1167 2881 1376 2919; x_wconf 83' lang='lat' dir='ltr'><strong>suprascr.</strong></span> <span class='ocrx_word' id='word_1_146' title='bbox 1407 2882 1463 2908; x_wconf 87' lang='lat' dir='ltr'>v:</span> <span class='ocrx_word' id='word_1_147' title='bbox 1506 2871 1616 2922; x_wconf 79' lang='grc' dir='ltr'>φυλῇ</span> <span class='ocrx_word' id='word_1_148' title='bbox 1649 2873 1828 2910; x_wconf 78' lang='grc' dir='ltr'>πολιτῶν</span> 
     </span>
     <span class='ocr_line' id='line_1_25' title="bbox 167 2921 1827 2982; baseline -0.002 -15"><span class='ocrx_word' id='word_1_149' title='bbox 167 2928 328 2968; x_wconf 83' lang='lat' dir='ltr'><strong>Canter</strong></span> <span class='ocrx_word' id='word_1_150' title='bbox 347 2941 357 2967; x_wconf 71' lang='grc' dir='ltr'><strong>ε</strong></span> <span class='ocrx_word' id='word_1_151' title='bbox 386 2931 498 2982; x_wconf 82' lang='grc' dir='ltr'>ψυχῇ</span> <span class='ocrx_word' id='word_1_152' title='bbox 517 2927 698 2967; x_wconf 86' lang='lat' dir='ltr'><strong>Verrall.</strong></span> <span class='ocrx_word' id='word_1_153' title='bbox 757 2926 939 2965; x_wconf 83' lang='lat' dir='ltr'>Versum</span> <span class='ocrx_word' id='word_1_154' title='bbox 961 2923 1135 2963; x_wconf 85' lang='lat' dir='ltr'><strong>seclusit</strong></span> <span class='ocrx_word' id='word_1_155' title='bbox 1158 2923 1336 2964; x_wconf 64' lang='lat' dir='ltr'>Kvieala</span> <span class='ocrx_word' id='word_1_156' title='bbox 1475 2934 1524 2972; x_wconf 89' lang='lat'>13</span> <span class='ocrx_word' id='word_1_157' title='bbox 1552 2922 1621 2975; x_wconf 81' lang='grc' dir='ltr'>τε]</span> <span class='ocrx_word' id='word_1_158' title='bbox 1641 2921 1687 2964; x_wconf 80' lang='grc' dir='ltr'>δὲ</span> <span class='ocrx_word' id='word_1_159' title='bbox 1706 2921 1827 2963; x_wconf 86' lang='lat' dir='ltr'><strong>Stob.</strong></span> 
     </span>
    </p>
   </div>
   <div class='ocr_carea' id='block_1_4' title="bbox 168 2994 1666 3092">
    <p class='ocr_par' dir='ltr' id='par_1_5' title="bbox 168 2994 1666 3092">
     <span class='ocr_line' id='line_1_26' title="bbox 168 2994 308 3033; baseline 0.007 -1"><span class='ocrx_word' id='word_1_160' title='bbox 168 2994 233 3032; x_wconf 83' lang='lat'>74·</span> <span class='ocrx_word' id='word_1_161' title='bbox 253 2995 308 3033; x_wconf 86' lang='lat'>30</span> 
     </span>
     <span class='ocr_line' id='line_1_27' title="bbox 282 3047 1666 3092; baseline 0.009 -2"><span class='ocrx_word' id='word_1_162' title='bbox 282 3062 388 3091; x_wconf 69' lang='lat' dir='ltr'>EUR.</span> <span class='ocrx_word' id='word_1_163' title='bbox 410 3064 438 3092; x_wconf 89' lang='lat'>1.</span> <span class='ocrx_word' id='word_1_164' title='bbox 1641 3047 1666 3085; x_wconf 71' lang='lat'><strong>6</strong></span> 
     </span>
    </p>
   </div>
  </div>
 </body>
</html>
