2118 3366
856 139 1296 189 ΕΥΡΙΠΙΔΟΥ

242 272 334 336 Αγ.
368 267 512 320 ἔσται
541 266 646 319 τάδ’
679 268 822 319 οὕτω·
871 268 950 319 καὶ
979 270 1076 336 γὰρ
1105 270 1148 320 εἰ
1176 271 1270 334 μὲν
1297 268 1359 334 ἥν
1389 275 1587 340 στρατῷ
1597 277 1608 297 ’-

366 355 537 409 πλοῦς,
571 351 658 402 οὐκ
688 351 749 403 ἂν
779 351 921 420 εἶχον
950 350 1099 416 τήνδε
1129 373 1215 404 σοι
1242 355 1411 404 δοῦναι
1441 353 1606 422 χάριν·

366 439 453 487 νῦν
482 434 542 494 δ’,
575 435 631 485 οὐ
663 437 757 502 γὰρ
789 434 893 500 ἵησ’
924 435 1118 502 οὐρίους
1148 437 1305 490 πνοὰς
1336 437 1463 495 θεός,
1824 454 1910 494 900

365 517 532 583 μένειν
562 517 751 585 ἀνάγκη
783 523 944 571 πλοῦν
974 519 1147 586 ὁρῶντ’
1179 521 1229 574 ἐς
1258 519 1469 588 ἥσυχον.

366 601 564 669 γένοιτο
594 601 635 653 δ’
668 602 719 654 εῧ
751 624 870 656 πως·
918 607 1046 655 πᾶσι
1075 604 1173 670 γὰρ
1203 602 1368 655 κοινὸν
1397 605 1525 662 τόδε,

367 687 466 754 ἰδίᾳ
498 685 541 737 θ’
573 685 767 756 ἑκάστῳ
802 687 880 738 καὶ
911 688 1074 746 πόλει,
1105 686 1194 738 τὸν
1221 689 1314 752 μὲν
1345 687 1494 740 κακὸν

370 770 517 821 κακόν
547 791 594 821 τι
627 769 862 839 πάσχειν,
896 770 983 822 τὸν
1014 773 1068 822 δὲ
1098 770 1324 839 χρηστὸν
1354 771 1596 839 εὐτυχεῖν.

242 892 332 940 Χο.
536 889 599 940 σὺ
627 888 736 955 μέν,
771 886 809 940 ὦ
842 890 1018 956 πατρὶς
1048 889 1219 949 Ἰλιάς,
1719 885 1850 957 [στρ.
1884 911 1915 941 α

369 977 466 1024 τῶν
497 972 790 1040 ἀπορθήτων
823 975 971 1027 πόλις
1001 973 1167 1026 οὐκέτι
1197 972 1338 1046 λέξῃ·
1833 979 1915 1031 906

369 1060 507 1108 τοῖον
536 1056 802 1110 Ἑλλάνων
833 1056 988 1125 νέφος
1019 1058 1154 1125 ἀμφί
1180 1080 1242 1110 σε
1274 1059 1474 1125 κρύπτει

619 1142 725 1207 δορὶ
756 1141 813 1206 δὴ
847 1143 954 1208 δορὶ
984 1141 1192 1208 πέρσαν.

538 1224 636 1277 ἀπὸ
666 1227 719 1276 δὲ
753 1225 1016 1293 στεφάναν
1047 1224 1219 1292 κέκαρ-
1834 1241 1914 1282 910

539 1330 625 1359 σαι
655 1309 873 1376 πύργων,
909 1312 1030 1360 κατὰ
1061 1309 1103 1360 δ’
1133 1307 1343 1360 αἰθάλου

540 1392 696 1457 κηλῖδ’
726 1392 1050 1459 οἰκτροτάταν
1080 1392 1266 1461 κέχρω-

708 1498 811 1528 σαι’
858 1476 1068 1535 τάλαιν’,

624 1559 786 1612 οὐκέτι
817 1559 866 1611 σ’
899 1561 1210 1627 ἐμβατεύσω.

537 1686 862 1751 μεσονύκτιος
893 1686 1146 1752 ὠλλύμαν,
1729 1680 1858 1753 [ἀντ.
1889 1707 1919 1736 α

371 1767 493 1834 ἦμος
523 1772 576 1820 ἐκ
607 1771 820 1822 δείπνων
850 1772 1004 1824 ὕπνος
1033 1771 1151 1835 ἡδὺς
1184 1770 1260 1822 ἐπ’
1292 1772 1471 1823 ὄσσοις
1837 1785 1916 1827 915

373 1854 646 1912 σκίδναται,
677 1858 879 1919 μολπᾶν
909 1854 951 1905 δ’
982 1854 1079 1907 ἄπο
1111 1855 1189 1906 καὶ
1220 1858 1499 1923 χοροποιῶν

624 1940 804 1990 θυσιᾶν
836 1939 1120 1992 καταλύσας

540 2023 686 2075 πόσις
719 2024 771 2074 ἐν
805 2022 1047 2089 θαλάμοις
1079 2023 1203 2074 ἔκει-

540 2128 612 2165 το,
646 2106 829 2170 ξυστὸν
861 2106 901 2157 δ’
935 2107 1015 2158 ἐπὶ
1046 2105 1313 2178 πασσάλῳ,
1836 2121 1918 2162 920

540 2190 722 2242 ναύταν
755 2190 915 2242 οὐκέθ’
947 2192 1073 2258 ὁρῶν
1104 2192 1212 2257 ὅμι-

706 2281 800 2326 λον
829 2277 1017 2341 Τροίαν

626 2358 797 2410 Ἰλιάδ’
830 2361 1118 2425 ἐμβεβῶτα.

301 2488 383 2525 900
414 2474 544 2529 οὐρίας
565 2474 607 2513 Μ
625 2475 658 2513 L
678 2476 710 2514 P
849 2489 928 2526 901
964 2476 1104 2531 ὁρῶντ’
1128 2478 1167 2517 ἐς
1187 2475 1340 2525 scripsi
1363 2475 1433 2524 (cf.
1459 2473 1564 2524 frag.
1591 2474 1684 2527 162)
1706 2488 1716 2514 :
1746 2476 1921 2523 ὁρῶντας

247 2531 368 2569 codd.
491 2542 571 2579 907
601 2534 714 2571 τοῖον
733 2531 786 2579 O,
812 2537 858 2570 ut
879 2532 960 2570 vid.
987 2546 996 2570 ε
1025 2534 1136 2571 τοῖον
1156 2529 1190 2571 δ’
1208 2530 1278 2569 vel
1298 2529 1446 2571 τοιόνδ’
1465 2529 1587 2568 codd.
1713 2541 1797 2579 909
1827 2528 1921 2581 δόρυ

247 2586 296 2634 δὴ
313 2584 406 2637 δόρυ
418 2584 535 2623 Weil
647 2586 696 2634 δὴ
715 2598 795 2624 om.
814 2586 854 2624 A
870 2585 903 2623 L
919 2586 966 2634 P,
985 2586 1112 2624 add.l
1247 2597 1328 2634 910
1357 2583 1420 2636 δὲ]
1438 2601 1490 2637 γε
1509 2583 1542 2622 L
1654 2582 1870 2636 στεφάνων
1887 2582 1920 2621 Ρ

245 2652 325 2688 911
358 2638 526 2680 αἰθάλου
546 2643 698 2680 καπνοῦ
719 2640 840 2678 codd.
865 2640 939 2691 (de
960 2645 990 2683 Σ
1012 2653 1097 2678 non
1119 2639 1271 2690 liquet)
1292 2653 1300 2677 :
1341 2651 1447 2678 corr.
1471 2637 1700 2676 Triclinius
1718 2650 1728 2677 ε
1769 2637 1921 2687 αἰθάλῳ

249 2693 476 2743 Byzantini
619 2707 701 2743 912
732 2694 979 2748 οἰκτρότατα
999 2694 1052 2732 Β2
1069 2694 1103 2733 P
1244 2707 1324 2743 914
1355 2691 1509 2744 ὀλόμαν
1531 2692 1564 2731 L
1710 2703 1790 2741 915
1822 2694 1866 2732 ἐκ
1888 2690 1922 2729 Ρ

249 2754 291 2786 et
313 2754 410 2798 post
432 2761 603 2788 rasuras
627 2749 667 2786 M
685 2748 720 2786 Β
743 2764 751 2787 :
782 2750 816 2789 δ’
841 2752 885 2789 ἐκ
906 2749 945 2787 Α
961 2748 994 2787 L
1171 2749 1254 2799 916
1283 2748 1464 2789 κίδναται
1482 2747 1515 2785 Ρ
1691 2758 1771 2795 917
1802 2762 1919 2799 χορο-

247 2807 372 2843 ποιῶν
395 2803 434 2841 Μ
451 2804 489 2841 Α
505 2803 540 2841 Β
565 2818 574 2842 :
602 2808 834 2856 χαροποιῶν
855 2803 888 2841 L
903 2803 936 2841 Ρ
955 2816 964 2841 t
994 2804 1215 2855 χαροποιὸν
1236 2801 1295 2840 Μ2
1312 2801 1363 2840 B²
1387 2802 1566 2853 (μολπὰν
1587 2800 1628 2839 Μ
1649 2800 1720 2848 ΒΖ)
1742 2800 1922 2852 (μολπᾶν

249 2859 283 2897 δ’
312 2857 391 2898 ὅπα
412 2857 658 2904 Wecklein)
872 2858 953 2906 918
992 2860 1132 2897 θυσιᾶν
1150 2857 1234 2895 A²l
1249 2855 1283 2895 P
1304 2856 1395 2906 <-ὣν
1416 2855 1467 2907 Ρ)
1489 2869 1498 2894 :
1537 2855 1677 2896 θυσίαν
1704 2854 1745 2893 Μ
1759 2853 1800 2893 Α
1817 2852 1854 2892 Β
1871 2853 1919 2892 L.

249 2917 280 2955 Σ
310 2917 353 2950 et
390 2914 553 2961 μολπὰν
574 2942 583 2951 .
625 2943 634 2953 .
669 2942 679 2952 .
717 2911 857 2952 θυσίαν
887 2917 930 2950 et
957 2914 1120 2962 μολπᾶν
1154 2940 1165 2950 .
1202 2940 1212 2950 .
1246 2942 1254 2950 .
1287 2913 1427 2951 θυσιᾶν
1456 2908 1643 2960 explicat
1799 2923 1920 2948 κατα·

250 2966 379 3007 λύσας
409 2967 590 3016 scripsi:
629 2966 892 3007 καταπαύσας
921 2966 1043 3005 codd.
1077 2970 1120 3003 et
1154 2970 1185 3008 Σ
1378 2976 1458 3015 922
1499 2966 1744 3015 ἐμβεβαῶτα
1769 2961 1920 3002 codd.:

251 3033 359 3060 corr.
379 3020 608 3060 Triclinius
