<?xml version="1.0" encoding="UTF-8"?>
<!DOCTYPE html PUBLIC "-//W3C//DTD XHTML 1.0 Transitional//EN"
    "http://www.w3.org/TR/xhtml1/DTD/xhtml1-transitional.dtd">
<html xmlns="http://www.w3.org/1999/xhtml" xml:lang="en" lang="en">
 <head>
  <title>
</title>
<meta http-equiv="Content-Type" content="text/html;charset=utf-8" />
  <meta name='ocr-system' content='tesseract 3.04.00' />
  <meta name='ocr-capabilities' content='ocr_page ocr_carea ocr_par ocr_line ocrx_word'/>
</head>
<body>
  <div class='ocr_page' id='page_1' title='image "./euripidistragoed01euriuoft_0240.png"; bbox 0 0 2118 3366; ppageno 0'>
   <div class='ocr_carea' id='block_1_1' title="bbox 825 109 1265 193">
    <p class='ocr_par' dir='ltr' id='par_1_1' title="bbox 825 109 1265 193">
     <span class='ocr_line' id='line_1_1' title="bbox 825 109 1265 193; baseline -0.005 0"><span class='ocrx_word' id='word_1_1' title='bbox 825 109 1265 193; x_wconf 62' lang='grc' dir='ltr'>ΕΥΡΙΠΙΔΟΥ</span> 
     </span>
    </p>
   </div>
   <div class='ocr_carea' id='block_1_2' title="bbox 203 262 1878 2937">
    <p class='ocr_par' dir='ltr' id='par_1_2' title="bbox 211 262 1435 342">
     <span class='ocr_line' id='line_1_2' title="bbox 211 262 1435 342; baseline -0.002 -14"><span class='ocrx_word' id='word_1_2' title='bbox 211 279 308 340; x_wconf 88' lang='grc' dir='ltr'>Θη.</span> <span class='ocrx_word' id='word_1_3' title='bbox 335 272 373 326; x_wconf 74' lang='grc' dir='ltr'>ὦ</span> <span class='ocrx_word' id='word_1_4' title='bbox 402 273 552 328; x_wconf 89' lang='grc' dir='ltr'>πόλλ’</span> <span class='ocrx_word' id='word_1_5' title='bbox 583 273 948 342; x_wconf 80' lang='grc' dir='ltr'>ἁμαρτάνοντες</span> <span class='ocrx_word' id='word_1_6' title='bbox 978 271 1230 340; x_wconf 84' lang='grc' dir='ltr'>ἄνθρωποι</span> <span class='ocrx_word' id='word_1_7' title='bbox 1258 262 1435 339; x_wconf 87' lang='grc' dir='ltr'>μάτην,</span> 
     </span>
    </p>

    <p class='ocr_par' dir='ltr' id='par_1_3' title="bbox 334 356 1295 426">
     <span class='ocr_line' id='line_1_3' title="bbox 334 356 1295 426; baseline -0.001 -16"><span class='ocrx_word' id='word_1_8' title='bbox 334 359 385 410; x_wconf 90' lang='grc' dir='ltr'>τί</span> <span class='ocrx_word' id='word_1_9' title='bbox 409 357 468 423; x_wconf 81' lang='grc' dir='ltr'>δὴ</span> <span class='ocrx_word' id='word_1_10' title='bbox 497 356 680 426; x_wconf 86' lang='grc' dir='ltr'>τέχνας</span> <span class='ocrx_word' id='word_1_11' title='bbox 708 360 800 423; x_wconf 79' lang='grc' dir='ltr'>μὲν</span> <span class='ocrx_word' id='word_1_12' title='bbox 830 358 1004 423; x_wconf 90' lang='grc' dir='ltr'>μυρίας</span> <span class='ocrx_word' id='word_1_13' title='bbox 1033 356 1295 409; x_wconf 86' lang='grc' dir='ltr'>διδάσκετε</span> 
     </span>
    </p>

    <p class='ocr_par' dir='ltr' id='par_1_4' title="bbox 336 437 1324 510">
     <span class='ocr_line' id='line_1_4' title="bbox 336 437 1324 510; baseline 0 -17"><span class='ocrx_word' id='word_1_14' title='bbox 336 442 414 494; x_wconf 88' lang='grc' dir='ltr'>καὶ</span> <span class='ocrx_word' id='word_1_15' title='bbox 445 440 606 495; x_wconf 88' lang='grc' dir='ltr'>πάντα</span> <span class='ocrx_word' id='word_1_16' title='bbox 633 443 932 510; x_wconf 80' lang='grc' dir='ltr'>μηχανᾶσθε</span> <span class='ocrx_word' id='word_1_17' title='bbox 963 437 1324 508; x_wconf 80' lang='grc' dir='ltr'>κᾶξευρίσκετε,</span> 
     </span>
    </p>

    <p class='ocr_par' dir='ltr' id='par_1_5' title="bbox 336 523 1482 591">
     <span class='ocr_line' id='line_1_5' title="bbox 336 523 1482 591; baseline -0.003 -13"><span class='ocrx_word' id='word_1_18' title='bbox 336 525 388 578; x_wconf 79' lang='grc' dir='ltr'>ἓν</span> <span class='ocrx_word' id='word_1_19' title='bbox 418 525 460 576; x_wconf 88' lang='grc' dir='ltr'>δ’</span> <span class='ocrx_word' id='word_1_20' title='bbox 490 525 579 577; x_wconf 83' lang='grc' dir='ltr'>οὐκ</span> <span class='ocrx_word' id='word_1_21' title='bbox 611 524 877 577; x_wconf 82' lang='grc' dir='ltr'>ἐπίστασθ’</span> <span class='ocrx_word' id='word_1_22' title='bbox 908 523 1009 577; x_wconf 86' lang='grc' dir='ltr'>οὐδ’</span> <span class='ocrx_word' id='word_1_23' title='bbox 1041 523 1359 591; x_wconf 85' lang='grc' dir='ltr'>ἐθηράσασθέ</span> <span class='ocrx_word' id='word_1_24' title='bbox 1387 545 1482 582; x_wconf 91' lang='grc' dir='ltr'>πω,</span> 
     </span>
    </p>

    <p class='ocr_par' dir='ltr' id='par_1_6' title="bbox 213 607 1876 761">
     <span class='ocr_line' id='line_1_6' title="bbox 336 607 1876 678; baseline -0.001 -16"><span class='ocrx_word' id='word_1_25' title='bbox 336 613 543 678; x_wconf 83' lang='grc' dir='ltr'>φρονεῖν</span> <span class='ocrx_word' id='word_1_26' title='bbox 573 607 828 661; x_wconf 86' lang='grc' dir='ltr'>διδάσκειν</span> <span class='ocrx_word' id='word_1_27' title='bbox 859 608 992 660; x_wconf 79' lang='grc' dir='ltr'>οἶσιν</span> <span class='ocrx_word' id='word_1_28' title='bbox 1025 609 1113 660; x_wconf 82' lang='grc' dir='ltr'>οὐκ</span> <span class='ocrx_word' id='word_1_29' title='bbox 1144 607 1311 660; x_wconf 85' lang='grc' dir='ltr'>ἔνεστι</span> <span class='ocrx_word' id='word_1_30' title='bbox 1340 612 1477 667; x_wconf 87' lang='grc' dir='ltr'>νοῦς,·</span> <span class='ocrx_word' id='word_1_31' title='bbox 1790 621 1876 664; x_wconf 81' lang='lat'>920</span> 
     </span>
     <span class='ocr_line' id='line_1_7' title="bbox 213 681 1471 795; baseline -0.002 -50"><span class='ocrx_word' id='word_1_32' title='bbox 213 698 287 747; x_wconf 89' lang='grc' dir='ltr'>Ιπ.</span> <span class='ocrx_word' id='word_1_33' title='bbox 335 692 502 755; x_wconf 86' lang='grc' dir='ltr'>δεινὸν</span> <span class='ocrx_word' id='word_1_34' title='bbox 508 681 786 795; x_wconf 78' lang='grc' dir='ltr'>σοφὶστὴν</span> <span class='ocrx_word' id='word_1_35' title='bbox 818 692 975 750; x_wconf 81' lang='grc' dir='ltr'>εἶπας,</span> <span class='ocrx_word' id='word_1_36' title='bbox 1009 692 1151 746; x_wconf 86' lang='grc' dir='ltr'>ὅστις</span> <span class='ocrx_word' id='word_1_37' title='bbox 1182 693 1234 744; x_wconf 76' lang='grc' dir='ltr'>εὖ</span> <span class='ocrx_word' id='word_1_38' title='bbox 1266 695 1471 760; x_wconf 82' lang='grc' dir='ltr'>φρονεῖν</span> 
     </span>
    </p>

    <p class='ocr_par' dir='ltr' id='par_1_7' title="bbox 332 774 1586 879">
     <span class='ocr_line' id='line_1_8' title="bbox 332 774 1586 879; baseline -0.002 -49.993"><span class='ocrx_word' id='word_1_39' title='bbox 332 777 448 831; x_wconf 86' lang='grc' dir='ltr'>τοὺς</span> <span class='ocrx_word' id='word_1_40' title='bbox 477 799 543 843; x_wconf 93' lang='grc' dir='ltr'>μη</span> <span class='ocrx_word' id='word_1_41' title='bbox 577 780 887 845; x_wconf 82' lang='grc' dir='ltr'>φρονοῦντας</span> <span class='ocrx_word' id='word_1_42' title='bbox 916 776 1122 830; x_wconf 89' lang='grc' dir='ltr'>δυνατός</span> <span class='ocrx_word' id='word_1_43' title='bbox 1150 775 1256 828; x_wconf 86' lang='grc' dir='ltr'>ἐστ’</span> <span class='ocrx_word' id='word_1_44' title='bbox 1287 774 1586 879; x_wconf 83' lang='grc' dir='ltr'>ἀναγκάσαι.</span> 
     </span>
    </p>

    <p class='ocr_par' dir='ltr' id='par_1_8' title="bbox 334 836 1515 928">
     <span class='ocr_line' id='line_1_9' title="bbox 334 836 1515 928; baseline -0.003 -15"><span class='ocrx_word' id='word_1_45' title='bbox 334 861 451 914; x_wconf 84' lang='grc' dir='ltr'>ἀλλ’</span> <span class='ocrx_word' id='word_1_46' title='bbox 482 861 538 912; x_wconf 86' lang='grc' dir='ltr'>οὐ</span> <span class='ocrx_word' id='word_1_47' title='bbox 566 863 662 928; x_wconf 82' lang='grc' dir='ltr'>γὰρ</span> <span class='ocrx_word' id='word_1_48' title='bbox 695 862 749 913; x_wconf 88' lang='grc' dir='ltr'>ἐν</span> <span class='ocrx_word' id='word_1_49' title='bbox 778 836 955 912; x_wconf 60' lang='grc' dir='ltr'>δεοντΐ</span> <span class='ocrx_word' id='word_1_50' title='bbox 968 850 1312 927; x_wconf 90' lang='grc' dir='ltr'>λεπτουργεῖς,</span> <span class='ocrx_word' id='word_1_51' title='bbox 1344 858 1515 925; x_wconf 89' lang='grc' dir='ltr'>πάτερ,</span> 
     </span>
    </p>

    <p class='ocr_par' dir='ltr' id='par_1_9' title="bbox 211 943 1874 1097">
     <span class='ocr_line' id='line_1_10' title="bbox 334 943 1488 1016; baseline 0 -19"><span class='ocrx_word' id='word_1_52' title='bbox 334 945 529 998; x_wconf 89' lang='grc' dir='ltr'>δέδοικα</span> <span class='ocrx_word' id='word_1_53' title='bbox 557 943 623 1010; x_wconf 90' lang='grc' dir='ltr'>μή</span> <span class='ocrx_word' id='word_1_54' title='bbox 657 966 751 996; x_wconf 92' lang='grc' dir='ltr'>σου</span> <span class='ocrx_word' id='word_1_55' title='bbox 780 943 979 1011; x_wconf 85' lang='grc' dir='ltr'>γλῶσσ’</span> <span class='ocrx_word' id='word_1_56' title='bbox 1011 943 1275 1016; x_wconf 85' lang='grc' dir='ltr'>ὑπερβάλῃ</span> <span class='ocrx_word' id='word_1_57' title='bbox 1308 947 1488 997; x_wconf 80' lang='grc' dir='ltr'>κακοῖς.</span> 
     </span>
     <span class='ocr_line' id='line_1_11' title="bbox 211 1026 1874 1097; baseline -0.002 -15"><span class='ocrx_word' id='word_1_58' title='bbox 211 1033 309 1095; x_wconf 89' lang='grc' dir='ltr'>Θη.</span> <span class='ocrx_word' id='word_1_59' title='bbox 335 1034 446 1097; x_wconf 88' lang='grc' dir='ltr'>φεῦ,</span> <span class='ocrx_word' id='word_1_60' title='bbox 479 1032 605 1097; x_wconf 86' lang='grc' dir='ltr'>χρῆν</span> <span class='ocrx_word' id='word_1_61' title='bbox 635 1033 870 1095; x_wconf 87' lang='grc' dir='ltr'>βροτοῖσι</span> <span class='ocrx_word' id='word_1_62' title='bbox 899 1033 996 1080; x_wconf 83' lang='grc' dir='ltr'>τῶν</span> <span class='ocrx_word' id='word_1_63' title='bbox 1029 1029 1197 1095; x_wconf 89' lang='grc' dir='ltr'>φίλων</span> <span class='ocrx_word' id='word_1_64' title='bbox 1226 1026 1488 1094; x_wconf 90' lang='grc' dir='ltr'>τεκμήριον</span> <span class='ocrx_word' id='word_1_65' title='bbox 1794 1041 1874 1084; x_wconf 86' lang='lat'>925</span> 
     </span>
    </p>

    <p class='ocr_par' dir='ltr' id='par_1_10' title="bbox 336 1111 1468 1180">
     <span class='ocr_line' id='line_1_12' title="bbox 336 1111 1468 1180; baseline -0.001 -16"><span class='ocrx_word' id='word_1_66' title='bbox 336 1112 499 1180; x_wconf 87' lang='grc' dir='ltr'>σαφές</span> <span class='ocrx_word' id='word_1_67' title='bbox 529 1134 577 1165; x_wconf 93' lang='grc' dir='ltr'>τι</span> <span class='ocrx_word' id='word_1_68' title='bbox 609 1116 803 1165; x_wconf 89' lang='grc' dir='ltr'>κεῖσθαι</span> <span class='ocrx_word' id='word_1_69' title='bbox 834 1113 916 1164; x_wconf 89' lang='grc' dir='ltr'>καὶ</span> <span class='ocrx_word' id='word_1_70' title='bbox 947 1111 1223 1179; x_wconf 88' lang='grc' dir='ltr'>διάγνωσιν</span> <span class='ocrx_word' id='word_1_71' title='bbox 1254 1115 1468 1179; x_wconf 83' lang='grc' dir='ltr'>φρενῶν,</span> 
     </span>
    </p>

    <p class='ocr_par' dir='ltr' id='par_1_11' title="bbox 335 1194 1405 1263">
     <span class='ocr_line' id='line_1_13' title="bbox 335 1194 1405 1263; baseline 0.001 -15"><span class='ocrx_word' id='word_1_72' title='bbox 335 1198 474 1250; x_wconf 86' lang='grc' dir='ltr'>ὅστις</span> <span class='ocrx_word' id='word_1_73' title='bbox 504 1196 546 1247; x_wconf 91' lang='grc' dir='ltr'>τ’</span> <span class='ocrx_word' id='word_1_74' title='bbox 578 1194 767 1261; x_wconf 85' lang='grc' dir='ltr'>ἀληθής</span> <span class='ocrx_word' id='word_1_75' title='bbox 797 1197 939 1248; x_wconf 89' lang='grc' dir='ltr'>ἐστιν</span> <span class='ocrx_word' id='word_1_76' title='bbox 970 1197 1026 1250; x_wconf 84' lang='grc' dir='ltr'>ὅς</span> <span class='ocrx_word' id='word_1_77' title='bbox 1055 1218 1110 1248; x_wconf 90' lang='grc' dir='ltr'>τε</span> <span class='ocrx_word' id='word_1_78' title='bbox 1138 1195 1204 1261; x_wconf 82' lang='grc' dir='ltr'>μὴ</span> <span class='ocrx_word' id='word_1_79' title='bbox 1238 1197 1405 1263; x_wconf 84' lang='grc' dir='ltr'>φίλος,</span> 
     </span>
    </p>

    <p class='ocr_par' dir='ltr' id='par_1_12' title="bbox 336 1278 1521 1348">
     <span class='ocr_line' id='line_1_14' title="bbox 336 1278 1521 1348; baseline -0.002 -15"><span class='ocrx_word' id='word_1_80' title='bbox 336 1279 517 1335; x_wconf 88' lang='grc' dir='ltr'>δισσάς</span> <span class='ocrx_word' id='word_1_81' title='bbox 546 1302 601 1333; x_wconf 89' lang='grc' dir='ltr'>τε</span> <span class='ocrx_word' id='word_1_82' title='bbox 632 1282 804 1348; x_wconf 79' lang='grc' dir='ltr'>φωνᾶς</span> <span class='ocrx_word' id='word_1_83' title='bbox 832 1279 1022 1334; x_wconf 88' lang='grc' dir='ltr'>πάντας</span> <span class='ocrx_word' id='word_1_84' title='bbox 1053 1280 1340 1348; x_wconf 85' lang='grc' dir='ltr'>ἀνθρώπους</span> <span class='ocrx_word' id='word_1_85' title='bbox 1369 1278 1521 1347; x_wconf 85' lang='grc' dir='ltr'>ἔχειν,</span> 
     </span>
    </p>

    <p class='ocr_par' dir='ltr' id='par_1_13' title="bbox 335 1363 1468 1432">
     <span class='ocr_line' id='line_1_15' title="bbox 335 1363 1468 1432; baseline -0.002 -15"><span class='ocrx_word' id='word_1_86' title='bbox 335 1365 423 1430; x_wconf 86' lang='grc' dir='ltr'>τὴν</span> <span class='ocrx_word' id='word_1_87' title='bbox 452 1367 545 1431; x_wconf 82' lang='grc' dir='ltr'>μὲν</span> <span class='ocrx_word' id='word_1_88' title='bbox 576 1365 784 1424; x_wconf 89' lang='grc' dir='ltr'>δικαίαν,</span> <span class='ocrx_word' id='word_1_89' title='bbox 818 1363 909 1429; x_wconf 80' lang='grc' dir='ltr'>τὴν</span> <span class='ocrx_word' id='word_1_90' title='bbox 940 1364 982 1416; x_wconf 84' lang='grc' dir='ltr'>δ’</span> <span class='ocrx_word' id='word_1_91' title='bbox 1014 1365 1148 1417; x_wconf 84' lang='grc' dir='ltr'>ὅπως</span> <span class='ocrx_word' id='word_1_92' title='bbox 1178 1364 1468 1432; x_wconf 83' lang='grc' dir='ltr'>ἐτύγχανεν,</span> 
     </span>
    </p>

    <p class='ocr_par' dir='ltr' id='par_1_14' title="bbox 336 1447 1878 1517">
     <span class='ocr_line' id='line_1_16' title="bbox 336 1447 1878 1517; baseline 0 -15"><span class='ocrx_word' id='word_1_93' title='bbox 336 1450 401 1503; x_wconf 86' lang='grc' dir='ltr'>ὡς</span> <span class='ocrx_word' id='word_1_94' title='bbox 431 1449 461 1515; x_wconf 87' lang='grc' dir='ltr'>ἡ</span> <span class='ocrx_word' id='word_1_95' title='bbox 494 1453 753 1517; x_wconf 92' lang='grc' dir='ltr'>φρονοῦσα</span> <span class='ocrx_word' id='word_1_96' title='bbox 782 1447 938 1500; x_wconf 86' lang='grc' dir='ltr'>τᾶδικ’</span> <span class='ocrx_word' id='word_1_97' title='bbox 969 1447 1271 1516; x_wconf 80' lang='grc' dir='ltr'>ἐξηλέγχετο</span> <span class='ocrx_word' id='word_1_98' title='bbox 1794 1461 1878 1502; x_wconf 84' lang='lat'>930</span> 
     </span>
    </p>

    <p class='ocr_par' dir='ltr' id='par_1_15' title="bbox 211 1532 1455 1684">
     <span class='ocr_line' id='line_1_17' title="bbox 335 1532 1400 1602; baseline -0.004 -16"><span class='ocrx_word' id='word_1_99' title='bbox 335 1533 458 1602; x_wconf 84' lang='grc' dir='ltr'>πρὸς</span> <span class='ocrx_word' id='word_1_100' title='bbox 487 1537 575 1598; x_wconf 87' lang='grc' dir='ltr'>τῆς</span> <span class='ocrx_word' id='word_1_101' title='bbox 605 1534 811 1592; x_wconf 86' lang='grc' dir='ltr'>δικαίας,</span> <span class='ocrx_word' id='word_1_102' title='bbox 846 1533 962 1584; x_wconf 86' lang='grc' dir='ltr'>κούκ</span> <span class='ocrx_word' id='word_1_103' title='bbox 992 1532 1054 1585; x_wconf 84' lang='grc' dir='ltr'>ἂν</span> <span class='ocrx_word' id='word_1_104' title='bbox 1083 1532 1400 1597; x_wconf 84' lang='grc' dir='ltr'>ἠπατώμεθα.</span> 
     </span>
     <span class='ocr_line' id='line_1_18' title="bbox 211 1616 1455 1684; baseline -0.002 -15"><span class='ocrx_word' id='word_1_105' title='bbox 211 1621 287 1669; x_wconf 91' lang='grc' dir='ltr'>Ιπ.</span> <span class='ocrx_word' id='word_1_106' title='bbox 334 1617 450 1670; x_wconf 80' lang='grc' dir='ltr'>ἀλλ’</span> <span class='ocrx_word' id='word_1_107' title='bbox 481 1617 511 1682; x_wconf 84' lang='grc' dir='ltr'><em>ἦ</em></span> <span class='ocrx_word' id='word_1_108' title='bbox 541 1639 615 1671; x_wconf 90' lang='grc' dir='ltr'>τις</span> <span class='ocrx_word' id='word_1_109' title='bbox 646 1619 695 1671; x_wconf 87' lang='grc' dir='ltr'>ἐς</span> <span class='ocrx_word' id='word_1_110' title='bbox 728 1617 821 1669; x_wconf 85' lang='grc' dir='ltr'>σὸν</span> <span class='ocrx_word' id='word_1_111' title='bbox 852 1618 935 1671; x_wconf 82' lang='grc' dir='ltr'>οῦς</span> <span class='ocrx_word' id='word_1_112' title='bbox 964 1639 1027 1683; x_wconf 91' lang='grc' dir='ltr'>με</span> <span class='ocrx_word' id='word_1_113' title='bbox 1057 1617 1319 1682; x_wconf 85' lang='grc' dir='ltr'>διαβαλὼν</span> <span class='ocrx_word' id='word_1_114' title='bbox 1350 1616 1455 1684; x_wconf 84' lang='grc' dir='ltr'>ἔχει</span> 
     </span>
    </p>

    <p class='ocr_par' dir='ltr' id='par_1_16' title="bbox 336 1700 1414 1770">
     <span class='ocr_line' id='line_1_19' title="bbox 336 1700 1414 1770; baseline -0.003 -16"><span class='ocrx_word' id='word_1_115' title='bbox 336 1703 519 1770; x_wconf 90' lang='grc' dir='ltr'>φίλων,</span> <span class='ocrx_word' id='word_1_116' title='bbox 551 1705 798 1767; x_wconf 84' lang='grc' dir='ltr'>νοσοῦμεν</span> <span class='ocrx_word' id='word_1_117' title='bbox 828 1700 870 1752; x_wconf 88' lang='grc' dir='ltr'>δ’</span> <span class='ocrx_word' id='word_1_118' title='bbox 901 1700 1042 1753; x_wconf 80' lang='grc' dir='ltr'>οὐδὲν</span> <span class='ocrx_word' id='word_1_119' title='bbox 1074 1703 1212 1754; x_wconf 85' lang='grc' dir='ltr'>ὄντες</span> <span class='ocrx_word' id='word_1_120' title='bbox 1243 1702 1414 1759; x_wconf 87' lang='grc' dir='ltr'>αἴτιοι,·</span> 
     </span>
    </p>

    <p class='ocr_par' dir='ltr' id='par_1_17' title="bbox 334 1783 1562 1852">
     <span class='ocr_line' id='line_1_20' title="bbox 334 1783 1562 1852; baseline -0.002 -14"><span class='ocrx_word' id='word_1_121' title='bbox 334 1786 389 1841; x_wconf 84' lang='grc' dir='ltr'>ἔκ</span> <span class='ocrx_word' id='word_1_122' title='bbox 418 1808 495 1839; x_wconf 90' lang='grc' dir='ltr'>τοι</span> <span class='ocrx_word' id='word_1_123' title='bbox 525 1785 832 1852; x_wconf 69' lang='grc' dir='ltr'>πέπληγμαν</span> <span class='ocrx_word' id='word_1_124' title='bbox 881 1786 963 1838; x_wconf 87' lang='grc' dir='ltr'>σοὶ</span> <span class='ocrx_word' id='word_1_125' title='bbox 993 1787 1089 1852; x_wconf 78' lang='grc' dir='ltr'>γὰρ</span> <span class='ocrx_word' id='word_1_126' title='bbox 1120 1783 1476 1849; x_wconf 88' lang='grc' dir='ltr'>ἐκπλήσσουσί</span> <span class='ocrx_word' id='word_1_127' title='bbox 1499 1805 1562 1849; x_wconf 88' lang='grc' dir='ltr'>με</span> 
     </span>
    </p>

    <p class='ocr_par' dir='ltr' id='par_1_18' title="bbox 211 1868 1874 2022">
     <span class='ocr_line' id='line_1_21' title="bbox 333 1868 1874 1938; baseline -0.001 -15"><span class='ocrx_word' id='word_1_128' title='bbox 333 1871 481 1938; x_wconf 89' lang='grc' dir='ltr'>λόγοι</span> <span class='ocrx_word' id='word_1_129' title='bbox 510 1869 961 1937; x_wconf 84' lang='grc' dir='ltr'>παραλλάσσοντες</span> <span class='ocrx_word' id='word_1_130' title='bbox 991 1868 1182 1936; x_wconf 82' lang='grc' dir='ltr'>ἔξεδροι</span> <span class='ocrx_word' id='word_1_131' title='bbox 1212 1873 1426 1936; x_wconf 86' lang='grc' dir='ltr'>φρενῶν.</span> <span class='ocrx_word' id='word_1_132' title='bbox 1793 1881 1874 1923; x_wconf 88' lang='lat'>935</span> 
     </span>
     <span class='ocr_line' id='line_1_22' title="bbox 211 1951 1577 2022; baseline -0.002 -16"><span class='ocrx_word' id='word_1_133' title='bbox 211 1957 308 2019; x_wconf 88' lang='grc' dir='ltr'>Θη.</span> <span class='ocrx_word' id='word_1_134' title='bbox 335 1959 431 2022; x_wconf 89' lang='grc' dir='ltr'>φεῦ</span> <span class='ocrx_word' id='word_1_135' title='bbox 461 1958 548 2020; x_wconf 87' lang='grc' dir='ltr'>τῆς</span> <span class='ocrx_word' id='word_1_136' title='bbox 577 1955 828 2022; x_wconf 89' lang='grc' dir='ltr'>βροτείας·</span> <span class='ocrx_word' id='word_1_137' title='bbox 876 1958 967 2006; x_wconf 92' lang='grc' dir='ltr'>ποῖ</span> <span class='ocrx_word' id='word_1_138' title='bbox 992 1951 1330 2020; x_wconf 90' lang='grc' dir='ltr'>προβήσεται;</span> <span class='ocrx_word' id='word_1_139' title='bbox 1379 1951 1577 2019; x_wconf 90' lang='grc' dir='ltr'>φρενός.</span> 
     </span>
    </p>

    <p class='ocr_par' dir='ltr' id='par_1_19' title="bbox 333 2035 1460 2106">
     <span class='ocr_line' id='line_1_23' title="bbox 333 2035 1460 2106; baseline -0.004 -15"><span class='ocrx_word' id='word_1_140' title='bbox 333 2041 388 2091; x_wconf 90' lang='grc' dir='ltr'>τί</span> <span class='ocrx_word' id='word_1_141' title='bbox 412 2038 566 2106; x_wconf 87' lang='grc' dir='ltr'>τέρμα</span> <span class='ocrx_word' id='word_1_142' title='bbox 594 2039 784 2104; x_wconf 89' lang='grc' dir='ltr'>τόλμης</span> <span class='ocrx_word' id='word_1_143' title='bbox 815 2037 895 2089; x_wconf 88' lang='grc' dir='ltr'>καὶ</span> <span class='ocrx_word' id='word_1_144' title='bbox 925 2036 1140 2104; x_wconf 87' lang='grc' dir='ltr'>θράσους</span> <span class='ocrx_word' id='word_1_145' title='bbox 1170 2035 1460 2105; x_wconf 88' lang='grc' dir='ltr'>γενήσεται,·</span> 
     </span>
    </p>

    <p class='ocr_par' dir='ltr' id='par_1_20' title="bbox 335 2120 1437 2190">
     <span class='ocr_line' id='line_1_24' title="bbox 335 2120 1437 2190; baseline -0.003 -15"><span class='ocrx_word' id='word_1_146' title='bbox 335 2125 378 2175; x_wconf 87' lang='grc' dir='ltr'>εἷ</span> <span class='ocrx_word' id='word_1_147' title='bbox 407 2125 502 2190; x_wconf 78' lang='grc' dir='ltr'>γὰρ</span> <span class='ocrx_word' id='word_1_148' title='bbox 536 2122 638 2174; x_wconf 89' lang='grc' dir='ltr'>κατ’</span> <span class='ocrx_word' id='word_1_149' title='bbox 671 2121 850 2189; x_wconf 84' lang='grc' dir='ltr'>ἀνδρὸς</span> <span class='ocrx_word' id='word_1_150' title='bbox 879 2123 1056 2187; x_wconf 91' lang='grc' dir='ltr'>βίοτον</span> <span class='ocrx_word' id='word_1_151' title='bbox 1086 2120 1437 2188; x_wconf 79' lang='grc' dir='ltr'>ἐξογκῶσεται,</span> 
     </span>
    </p>

    <p class='ocr_par' dir='ltr' id='par_1_21' title="bbox 336 2204 1460 2274">
     <span class='ocr_line' id='line_1_25' title="bbox 336 2204 1460 2274; baseline -0.001 -17"><span class='ocrx_word' id='word_1_152' title='bbox 336 2208 362 2257; x_wconf 87' lang='grc' dir='ltr'>ὁ</span> <span class='ocrx_word' id='word_1_153' title='bbox 393 2206 436 2259; x_wconf 88' lang='grc' dir='ltr'>δ’</span> <span class='ocrx_word' id='word_1_154' title='bbox 466 2207 673 2274; x_wconf 83' lang='grc' dir='ltr'>ὕστερος</span> <span class='ocrx_word' id='word_1_155' title='bbox 705 2211 792 2258; x_wconf 91' lang='grc' dir='ltr'>τοῦ</span> <span class='ocrx_word' id='word_1_156' title='bbox 822 2206 1042 2273; x_wconf 88' lang='grc' dir='ltr'>πρόσθεν</span> <span class='ocrx_word' id='word_1_157' title='bbox 1074 2207 1143 2259; x_wconf 84' lang='grc' dir='ltr'>εἰς</span> <span class='ocrx_word' id='word_1_158' title='bbox 1170 2204 1460 2272; x_wconf 84' lang='grc' dir='ltr'>ὑπερβολὴν</span> 
     </span>
    </p>

    <p class='ocr_par' dir='ltr' id='par_1_22' title="bbox 333 2288 1874 2361">
     <span class='ocr_line' id='line_1_26' title="bbox 333 2288 1874 2361; baseline 0 -17"><span class='ocrx_word' id='word_1_159' title='bbox 333 2294 611 2361; x_wconf 89' lang='grc' dir='ltr'>πανοῦργος</span> <span class='ocrx_word' id='word_1_160' title='bbox 641 2290 799 2349; x_wconf 87' lang='grc' dir='ltr'>ἔσται,</span> <span class='ocrx_word' id='word_1_161' title='bbox 834 2293 997 2342; x_wconf 91' lang='grc' dir='ltr'>θεοῖσι</span> <span class='ocrx_word' id='word_1_162' title='bbox 1028 2293 1347 2356; x_wconf 87' lang='grc' dir='ltr'>προσβαλεῖν</span> <span class='ocrx_word' id='word_1_163' title='bbox 1375 2288 1522 2357; x_wconf 85' lang='grc' dir='ltr'>χθονὶ</span> <span class='ocrx_word' id='word_1_164' title='bbox 1788 2302 1874 2344; x_wconf 90' lang='lat'>940</span> 
     </span>
    </p>

    <p class='ocr_par' dir='ltr' id='par_1_23' title="bbox 333 2371 1274 2443">
     <span class='ocr_line' id='line_1_27' title="bbox 333 2371 1274 2443; baseline -0.001 -17"><span class='ocrx_word' id='word_1_165' title='bbox 333 2374 497 2441; x_wconf 86' lang='grc' dir='ltr'>ἄλλην</span> <span class='ocrx_word' id='word_1_166' title='bbox 528 2373 698 2439; x_wconf 88' lang='grc' dir='ltr'>δεήσει</span> <span class='ocrx_word' id='word_1_167' title='bbox 729 2379 893 2442; x_wconf 90' lang='grc' dir='ltr'>γαῖαν,</span> <span class='ocrx_word' id='word_1_168' title='bbox 924 2372 955 2438; x_wconf 87' lang='grc' dir='ltr'>ἢ</span> <span class='ocrx_word' id='word_1_169' title='bbox 987 2371 1274 2443; x_wconf 88' lang='grc' dir='ltr'>χωρήσεται</span> 
     </span>
    </p>

    <p class='ocr_par' dir='ltr' id='par_1_24' title="bbox 331 2457 1440 2526">
     <span class='ocr_line' id='line_1_28' title="bbox 331 2457 1440 2526; baseline -0.003 -15"><span class='ocrx_word' id='word_1_170' title='bbox 331 2458 447 2514; x_wconf 85' lang='grc' dir='ltr'>τοὺς</span> <span class='ocrx_word' id='word_1_171' title='bbox 474 2458 541 2524; x_wconf 79' lang='grc' dir='ltr'>μὴ</span> <span class='ocrx_word' id='word_1_172' title='bbox 574 2460 790 2512; x_wconf 81' lang='grc' dir='ltr'>δικαίους</span> <span class='ocrx_word' id='word_1_173' title='bbox 823 2458 901 2510; x_wconf 89' lang='grc' dir='ltr'>καὶ</span> <span class='ocrx_word' id='word_1_174' title='bbox 933 2457 1109 2512; x_wconf 85' lang='grc' dir='ltr'>κακοὺς</span> <span class='ocrx_word' id='word_1_175' title='bbox 1139 2457 1440 2526; x_wconf 90' lang='grc' dir='ltr'>πεφυκότας.</span> 
     </span>
    </p>

    <p class='ocr_par' dir='ltr' id='par_1_25' title="bbox 260 2540 1873 2712">
     <span class='ocr_line' id='line_1_29' title="bbox 418 2540 1623 2611; baseline 0.001 -17"><span class='ocrx_word' id='word_1_176' title='bbox 418 2542 685 2611; x_wconf 80' lang='grc' dir='ltr'>σκέψασθε</span> <span class='ocrx_word' id='word_1_177' title='bbox 714 2542 757 2594; x_wconf 87' lang='grc' dir='ltr'>δ’</span> <span class='ocrx_word' id='word_1_178' title='bbox 791 2545 842 2597; x_wconf 89' lang='grc' dir='ltr'>ἐς</span> <span class='ocrx_word' id='word_1_179' title='bbox 871 2542 1020 2602; x_wconf 86' lang='grc' dir='ltr'>τόνδ’,</span> <span class='ocrx_word' id='word_1_180' title='bbox 1054 2543 1197 2596; x_wconf 84' lang='grc' dir='ltr'>ὅστις</span> <span class='ocrx_word' id='word_1_181' title='bbox 1228 2540 1287 2607; x_wconf 82' lang='grc' dir='ltr'>ἐξ</span> <span class='ocrx_word' id='word_1_182' title='bbox 1314 2544 1433 2607; x_wconf 82' lang='grc' dir='ltr'>ἐμοῦ</span> <span class='ocrx_word' id='word_1_183' title='bbox 1461 2540 1623 2608; x_wconf 85' lang='grc' dir='ltr'>γεγὼς</span> 
     </span>
     <span class='ocr_line' id='line_1_30' title="bbox 260 2653 1873 2712; baseline -0.001 -14"><span class='ocrx_word' id='word_1_184' title='bbox 260 2661 341 2711; x_wconf 90' lang='lat'>916</span> <span class='ocrx_word' id='word_1_185' title='bbox 355 2661 494 2702; x_wconf 83' lang='grc' dir='ltr'>πολλὰ</span> <span class='ocrx_word' id='word_1_186' title='bbox 506 2659 774 2712; x_wconf 84' lang='grc' dir='ltr'>μανθάνοντες</span> <span class='ocrx_word' id='word_1_187' title='bbox 792 2658 1016 2699; x_wconf 85' lang='lat' dir='ltr'>Markland</span> <span class='ocrx_word' id='word_1_188' title='bbox 1037 2659 1194 2712; x_wconf 82' lang='grc' dir='ltr'>(πολλὰ</span> <span class='ocrx_word' id='word_1_189' title='bbox 1211 2656 1470 2708; x_wconf 82' lang='grc' dir='ltr'>ἐπιστάμενοι</span> <span class='ocrx_word' id='word_1_190' title='bbox 1486 2657 1537 2707; x_wconf 83' lang='grc' dir='ltr'>Σ)</span> <span class='ocrx_word' id='word_1_191' title='bbox 1649 2668 1729 2706; x_wconf 90' lang='lat'>919</span> <span class='ocrx_word' id='word_1_192' title='bbox 1750 2654 1795 2697; x_wconf 79' lang='grc' dir='ltr'>ἓν</span> <span class='ocrx_word' id='word_1_193' title='bbox 1815 2653 1873 2707; x_wconf 80' lang='grc' dir='ltr'>δ’]</span> 
     </span>
    </p>

    <p class='ocr_par' dir='ltr' id='par_1_26' title="bbox 203 2710 1878 2932">
     <span class='ocr_line' id='line_1_31' title="bbox 208 2710 1873 2786; baseline -0.004 -30"><span class='ocrx_word' id='word_1_194' title='bbox 208 2714 287 2756; x_wconf 78' lang='grc' dir='ltr'>ἔνθ’</span> <span class='ocrx_word' id='word_1_195' title='bbox 305 2714 348 2754; x_wconf 92' lang='grc' dir='ltr'><strong>Α</strong></span> <span class='ocrx_word' id='word_1_196' title='bbox 457 2714 549 2757; x_wconf 80' lang='grc' dir='ltr'>οὐδὲ</span> <span class='ocrx_word' id='word_1_197' title='bbox 570 2718 741 2786; x_wconf 82' lang='grc' dir='ltr'>θηρᾶσθε</span> <span class='ocrx_word' id='word_1_198' title='bbox 759 2714 799 2753; x_wconf 95' lang='lat' dir='ltr'>V</span> <span class='ocrx_word' id='word_1_199' title='bbox 812 2714 846 2752; x_wconf 95' lang='lat' dir='ltr'>L</span> <span class='ocrx_word' id='word_1_200' title='bbox 1001 2727 1085 2765; x_wconf 86' lang='lat'>920</span> <span class='ocrx_word' id='word_1_201' title='bbox 1115 2713 1222 2756; x_wconf 79' lang='grc' dir='ltr'>αῖσιν</span> <span class='ocrx_word' id='word_1_202' title='bbox 1242 2716 1314 2754; x_wconf 81' lang='grc' dir='ltr'>οὐκ</span> <span class='ocrx_word' id='word_1_203' title='bbox 1334 2712 1423 2753; x_wconf 80' lang='grc' dir='ltr'>ἔστι</span> <span class='ocrx_word' id='word_1_204' title='bbox 1441 2710 1499 2750; x_wconf 74' lang='grc' dir='ltr'>Α2</span> <span class='ocrx_word' id='word_1_205' title='bbox 1647 2723 1728 2761; x_wconf 85' lang='lat'>924</span> <span class='ocrx_word' id='word_1_206' title='bbox 1758 2712 1873 2762; x_wconf 75' lang='grc' dir='ltr'>ὑπερ-</span> 
     </span>
     <span class='ocr_line' id='line_1_32' title="bbox 205 2763 1878 2822; baseline -0.005 -11"><span class='ocrx_word' id='word_1_207' title='bbox 205 2768 358 2817; x_wconf 81' lang='grc' dir='ltr'>βάλλοι</span> <span class='ocrx_word' id='word_1_208' title='bbox 380 2769 505 2809; x_wconf 86' lang='lat' dir='ltr'>MO:</span> <span class='ocrx_word' id='word_1_209' title='bbox 534 2768 755 2822; x_wconf 76' lang='grc' dir='ltr'>ὑπερβάλοι</span> <span class='ocrx_word' id='word_1_210' title='bbox 776 2768 864 2808; x_wconf 91' lang='lat' dir='ltr'>BV</span> <span class='ocrx_word' id='word_1_211' title='bbox 1083 2770 1165 2818; x_wconf 89' lang='lat'>926</span> <span class='ocrx_word' id='word_1_212' title='bbox 1194 2772 1288 2821; x_wconf 80' lang='grc' dir='ltr'>διαγ</span> <span class='ocrx_word' id='word_1_213' title='bbox 1290 2767 1447 2809; x_wconf 77' lang='grc' dir='ltr'>νωστὸν</span> <span class='ocrx_word' id='word_1_214' title='bbox 1475 2764 1534 2806; x_wconf 82' lang='lat' dir='ltr'>L:</span> <span class='ocrx_word' id='word_1_215' title='bbox 1566 2777 1672 2805; x_wconf 88' lang='lat' dir='ltr'>corr.</span> <span class='ocrx_word' id='word_1_216' title='bbox 1702 2763 1753 2803; x_wconf 78' lang='lat' dir='ltr'>L²</span> <span class='ocrx_word' id='word_1_217' title='bbox 1771 2764 1878 2804; x_wconf 88' lang='lat' dir='ltr'>vell</span> 
     </span>
     <span class='ocr_line' id='line_1_33' title="bbox 204 2787 1875 2875; baseline -0.002 -13"><span class='ocrx_word' id='word_1_218' title='bbox 204 2836 284 2874; x_wconf 87' lang='lat'>927</span> <span class='ocrx_word' id='word_1_219' title='bbox 315 2824 429 2866; x_wconf 80' lang='grc' dir='ltr'>ὅστις</span> <span class='ocrx_word' id='word_1_220' title='bbox 448 2825 504 2875; x_wconf 83' lang='grc' dir='ltr'>μὴ</span> <span class='ocrx_word' id='word_1_221' title='bbox 526 2787 630 2863; x_wconf 67' lang='lat' dir='ltr'>LOp</span> <span class='ocrx_word' id='word_1_222' title='bbox 807 2824 889 2873; x_wconf 89' lang='lat'>928</span> <span class='ocrx_word' id='word_1_223' title='bbox 917 2823 986 2875; x_wconf 85' lang='grc' dir='ltr'>τε]</span> <span class='ocrx_word' id='word_1_224' title='bbox 1009 2822 1054 2865; x_wconf 78' lang='grc' dir='ltr'>δὲ</span> <span class='ocrx_word' id='word_1_225' title='bbox 1073 2823 1160 2862; x_wconf 90' lang='lat' dir='ltr'>VP</span> <span class='ocrx_word' id='word_1_226' title='bbox 1351 2833 1429 2871; x_wconf 82' lang='lat'>931</span> <span class='ocrx_word' id='word_1_227' title='bbox 1463 2822 1534 2861; x_wconf 74' lang='grc' dir='ltr'>οὐκ</span> <span class='ocrx_word' id='word_1_228' title='bbox 1554 2821 1603 2862; x_wconf 77' lang='grc' dir='ltr'>ἃν</span> <span class='ocrx_word' id='word_1_229' title='bbox 1621 2820 1683 2861; x_wconf 88' lang='lat' dir='ltr'>V:</span> <span class='ocrx_word' id='word_1_230' title='bbox 1715 2831 1823 2859; x_wconf 89' lang='lat' dir='ltr'>corr.</span> <span class='ocrx_word' id='word_1_231' title='bbox 1847 2831 1875 2858; x_wconf 86' lang='lat' dir='ltr'><em>v</em></span> 
     </span>
     <span class='ocr_line' id='line_1_34' title="bbox 203 2873 1872 2937; baseline -0.003 -21"><span class='ocrx_word' id='word_1_232' title='bbox 203 2890 284 2928; x_wconf 88' lang='lat'>932</span> <span class='ocrx_word' id='word_1_233' title='bbox 313 2877 339 2926; x_wconf 79' lang='grc' dir='ltr'><em>ἧ</em></span> <span class='ocrx_word' id='word_1_234' title='bbox 359 2877 450 2918; x_wconf 92' lang='grc' dir='ltr'>ΑΒ</span> <span class='ocrx_word' id='word_1_235' title='bbox 475 2878 588 2932; x_wconf 54' lang='lat' dir='ltr'>(mx</span> <span class='ocrx_word' id='word_1_236' title='bbox 604 2893 612 2917; x_wconf 89' lang='lat'><strong>:</strong></span> <span class='ocrx_word' id='word_1_237' title='bbox 645 2881 685 2919; x_wconf 72' lang='grc' dir='ltr'>εἴ</span> <span class='ocrx_word' id='word_1_238' title='bbox 700 2877 791 2918; x_wconf 87' lang='lat' dir='ltr'><strong>rell.</strong></span> <span class='ocrx_word' id='word_1_239' title='bbox 812 2890 1022 2928; x_wconf 87' lang='lat' dir='ltr'><strong>suprascr.</strong></span> <span class='ocrx_word' id='word_1_240' title='bbox 1049 2877 1086 2916; x_wconf 93' lang='lat' dir='ltr'><strong>B</strong></span> <span class='ocrx_word' id='word_1_241' title='bbox 1294 2888 1376 2937; x_wconf 83' lang='grc'>933</span> <span class='ocrx_word' id='word_1_242' title='bbox 1406 2875 1441 2916; x_wconf 84' lang='grc' dir='ltr'>δ’</span> <span class='ocrx_word' id='word_1_243' title='bbox 1462 2887 1543 2914; x_wconf 91' lang='lat' dir='ltr'>om.</span> <span class='ocrx_word' id='word_1_244' title='bbox 1567 2874 1607 2914; x_wconf 94' lang='lat' dir='ltr'>V</span> <span class='ocrx_word' id='word_1_245' title='bbox 1625 2880 1668 2914; x_wconf 89' lang='lat' dir='ltr'>et</span> <span class='ocrx_word' id='word_1_246' title='bbox 1688 2873 1784 2914; x_wconf 87' lang='lat' dir='ltr'>sort.</span> <span class='ocrx_word' id='word_1_247' title='bbox 1809 2873 1872 2912; x_wconf 94' lang='lat' dir='ltr'>L·</span> 
     </span>
    </p>
   </div>
   <div class='ocr_carea' id='block_1_3' title="bbox 204 2925 1871 3029">
    <p class='ocr_par' dir='ltr' id='par_1_27' title="bbox 204 2925 1871 3029">
     <span class='ocr_line' id='line_1_35' title="bbox 205 2925 1871 3027; baseline -0.001 -55"><span class='ocrx_word' id='word_1_248' title='bbox 205 2932 425 3027; x_wconf 80' lang='lat' dir='ltr'>corrVL²v</span> <span class='ocrx_word' id='word_1_249' title='bbox 560 2945 641 2983; x_wconf 87' lang='lat'>934</span> <span class='ocrx_word' id='word_1_250' title='bbox 669 2934 697 2982; x_wconf 81' lang='grc' dir='ltr'><strong><em>ἥ</em></strong></span> <span class='ocrx_word' id='word_1_251' title='bbox 715 2949 778 2974; x_wconf 80' lang='grc' dir='ltr'>τοι</span> <span class='ocrx_word' id='word_1_252' title='bbox 798 2931 839 2970; x_wconf 92' lang='grc' dir='ltr'><strong>Α</strong></span> <span class='ocrx_word' id='word_1_253' title='bbox 949 2949 1016 2983; x_wconf 83' lang='grc' dir='ltr'>μοι</span> <span class='ocrx_word' id='word_1_254' title='bbox 1037 2931 1080 2970; x_wconf 91' lang='grc' dir='ltr'><strong>Μ</strong></span> <span class='ocrx_word' id='word_1_255' title='bbox 1218 2943 1295 2982; x_wconf 90' lang='lat'>941</span> <span class='ocrx_word' id='word_1_256' title='bbox 1328 2929 1352 2979; x_wconf 86' lang='grc' dir='ltr'>ἡ</span> <span class='ocrx_word' id='word_1_257' title='bbox 1372 2929 1414 2969; x_wconf 93' lang='grc' dir='ltr'><strong>Α</strong></span> <span class='ocrx_word' id='word_1_258' title='bbox 1430 2929 1463 2968; x_wconf 96' lang='lat' dir='ltr'>L</span> <span class='ocrx_word' id='word_1_259' title='bbox 1476 2930 1510 2969; x_wconf 91' lang='lat' dir='ltr'>P</span> <span class='ocrx_word' id='word_1_260' title='bbox 1645 2941 1726 2980; x_wconf 84' lang='lat'>942</span> <span class='ocrx_word' id='word_1_261' title='bbox 1754 2925 1871 2980; x_wconf 74' lang='grc' dir='ltr'>τοὺς]</span> 
     </span>
     <span class='ocr_line' id='line_1_36' title="bbox 204 3005 276 3029; baseline 0.014 -1"><span class='ocrx_word' id='word_1_262' title='bbox 204 3005 276 3029; x_wconf 62' lang='lat' dir='ltr'>&#39;ras</span> 
     </span>
    </p>
   </div>
   <div class='ocr_carea' id='block_1_4' title="bbox 2054 2842 2118 3366">
    <p class='ocr_par' dir='ltr' id='par_1_28' title="bbox 2054 2842 2118 3366">
     <span class='ocr_line' id='line_1_37' title="bbox 2054 2842 2118 3366; baseline 0 0"><span class='ocrx_word' id='word_1_263' title='bbox 2054 2842 2118 3366; x_wconf 95' lang='lat' dir='ltr'> </span> 
     </span>
    </p>
   </div>
  </div>
 </body>
</html>
