2118 3366
855 125 1322 175 ΙΠΠΟΛΎΤΟΣ

377 255 539 322 βαρὺν
569 254 763 320 βρόμον
792 257 992 319 μεθῆκε,
1028 254 1250 320 φρικώδη
1286 254 1471 305 κλύειν·

378 338 526 405 ὀρθὸν
557 340 612 391 δὲ
642 337 776 405 κρᾶτ’
807 337 1034 403 ἔστησαν
1065 337 1148 390 οὖς
1178 336 1221 388 τ’
1254 339 1304 390 ἐς
1335 336 1545 403 οὐρανὸν

378 423 540 474 ἵπποι·
585 420 701 523 παρ’
733 421 850 487 ἡμῖν
881 420 923 472 δ’
954 419 1016 486 ἦν
1046 422 1216 488 φόβος
1246 418 1473 473 νεανικὸς

376 506 529 558 πόθεν
559 503 668 557 ποτ’
700 505 773 569 εἴη
806 505 1106 573 φθόγγος.
1138 506 1189 558 ἐς
1218 503 1261 555 δ’
1292 504 1588 571 ἁλιρρόθους
1822 520 1923 560 1205

377 588 527 643 ἀκτὰς
559 586 999 655 ἀποβλέψαντες
986 586 1118 655 ιερὸν
1149 589 1343 653 εἴδομεν

379 671 487 737 κῦμ’
517 671 706 741 οὐρανῷ
741 673 992 740 στηρίζον,
1026 671 1149 723 ὥστ’
1181 671 1408 743 ἀφῃρέθη
1641 661 1670 712 7>
1695 637 1780 703 ἵζ’

377 757 623 823 Σκίρωνος
655 756 808 810 ἀκτὰς
840 757 975 822 ὄμμα
1003 755 1186 821 τούμὸν
1216 757 1438 823 εἰσορᾶν·
1667 745 1689 797 ’3
1736 747 1763 784 ‘⁵

376 840 585 918 ἔκρυπτε
615 838 657 892 δ’
688 838 897 906 Ἰσθμὸν
929 839 1008 892 καὶ
1038 839 1223 908 πέτραν
1254 838 1582 905 Ἀσκληπιοῦ.

375 923 563 976 κᾶπειτ’
594 923 870 989 ἀνοιδῆσάν
901 945 955 976 τε
987 924 1066 976 καὶ
1097 922 1246 989 πέριξ
1271 923 1435 991 ἀφρὸν
1821 940 1926 968 1210

375 1007 535 1060 πολὺν
566 1007 819 1076 καχλάζον
850 1009 1034 1078 ποντίῳ
1066 1007 1327 1075 φυσήματι

373 1096 532 1160 χωρεῖ
557 1091 680 1161 πρδς
713 1090 881 1152 ἀκτάς,
915 1092 972 1144 οὗ
1002 1090 1273 1159 τέθριππος
1303 1090 1364 1157 ἦν
1394 1093 1529 1161 ὄχος.

374 1175 503 1246 αὐτῷ
535 1178 588 1228 δὲ
620 1175 715 1227 σὺν
750 1177 963 1228 κλύδωνι
995 1175 1074 1227 καὶ
1105 1176 1334 1245 τρικυμία

375 1258 483 1325 κῦμ’
516 1258 720 1325 ἐξέθηκε
752 1264 945 1328 ταῦρον,
979 1259 1152 1328 ἄγριον
1182 1259 1343 1327 τέρας·

374 1343 432 1395 οὗ
461 1346 602 1395 πᾶσα
633 1346 724 1409 μὲν
754 1345 892 1413 χθὼν
924 1343 1211 1412 φθέγματος
1241 1342 1556 1411 πληρουμένη
1818 1359 1921 1399 1215

375 1430 619 1494 φρικῶδες
651 1426 1026 1496 ἀντεφθέγγετ’,
1061 1429 1300 1495 εἰσορῶσι
1330 1430 1384 1480 δὲ

374 1515 612 1577 κρεῖσσον
646 1509 806 1576 θέαμα
837 1511 1124 1579 δεργμάτων
1157 1498 1477 1593 ἐφαίνετοΔ

373 1594 515 1648 εὐθὺς
547 1598 600 1647 δὲ
631 1595 820 1649 πώλοις
851 1595 1011 1650 δεινὸς
1042 1597 1274 1662 ἐμπίπτει
1305 1597 1490 1664 φόβος·

376 1678 455 1730 καὶ
485 1679 733 1745 δεσπότης
762 1681 855 1744 μὲν
887 1681 1165 1732 ἱππικοῖσιν
1195 1679 1372 1746 ἤθεσιν

373 1762 531 1817 πολὺς
561 1761 799 1828 ξυνοικῶν
829 1763 1014 1831 ἥρπασ’
1042 1764 1184 1830 ἡνίας
1214 1771 1400 1834 χεροῖν,
1810 1782 1917 1810 1220

374 1847 509 1899 ἕλκει
541 1850 594 1900 δὲ
626 1847 797 1913 κώπην
827 1848 962 1901 ὥστε
992 1849 1247 1915 ναυβάτης
1279 1849 1402 1916 ἀνὴρ

374 1933 548 1997 ἱμᾶσιν
580 1933 632 1985 ἐς
661 1932 934 1984 τοῦπισθεν
963 1931 1184 1999 ἀρτήσας
1215 1933 1382 1999 δέμας·

374 2015 424 2068 αἲ
455 2015 498 2067 δ’
530 2018 826 2068 ἐνδακοῦσαι
858 2017 1043 2082 στόμια
1072 2021 1310 2086 πυριγενῆ
1342 2020 1581 2086 γναθμοῖς

370 2101 463 2169 βία
495 2099 754 2168 φέρουσιν,
789 2101 904 2153 οὔτε
932 2100 1211 2168 ναυκλήρου
1241 2100 1389 2170 χερὸς

369 2183 474 2236 οὔθ’
508 2184 833 2250 ἱπποδέσμων
862 2186 976 2237 οὔτε
1008 2190 1263 2251 κολλητῶν
1294 2188 1430 2254 ὄχων
1810 2201 1912 2241 1225

369 2267 829 2336 μεταστρέφουσαι.
921 2271 995 2321 κεί
1023 2271 1115 2334 μὲν
1147 2272 1197 2323 ἐς
1226 2272 1288 2322 τὰ
1317 2272 1551 2336 μαλθακὰ

371 2353 516 2420 γαίας
546 2354 680 2421 ἔχων
711 2355 883 2406 οἴακας
914 2353 1107 2406 εὐθύνοι
1137 2354 1335 2420 δρόμον,

369 2436 691 2506 προυφαίνετ’
724 2439 775 2491 ἐς
804 2437 862 2489 τὸ
892 2439 1131 2504 πρόσθεν,
1163 2437 1286 2490 ὥστ’
1317 2437 1670 2505 ἀναστρέφειν,

300 2565 405 2604 1203
448 2552 511 2606 δὲ]
542 2571 590 2595 τε
623 2553 705 2593 LP
852 2554 908 2606 δ’]
940 2554 978 2594 τ’
1011 2554 1097 2593 LV
1304 2557 1408 2594 1208
1452 2554 1642 2607 σκίρωνος
1674 2553 1738 2593 O:
1780 2568 1905 2606 σκειρ.

241 2607 331 2648 rell.
444 2608 480 2650 δ’
502 2609 626 2650 ἀκτᾶς
644 2608 712 2650 Μ;
744 2609 947 2651 &⁷32st
978 2609 1181 2663 Σκιρωνίδ’
1201 2610 1324 2663 ἄκραν
1344 2608 1572 2649 Kirchhoff
1710 2620 1815 2658 1213
1845 2610 1908 2648 αὐ-

239 2666 314 2704 τοῦ
351 2661 640 2703 Wilamowitz
903 2667 1008 2703 1216
1063 2626 1354 2717 ἀντεφθέγξατ’
1396 2664 1436 2702 Μ
1455 2663 1494 2702 O
1534 2663 1634 2702 Chr.
1683 2662 1773 2701 Pat.
1826 2662 1908 2712 858

241 2716 549 2771 (ἆντιφθέγγετ’
570 2718 623 2771 L)
823 2720 928 2757 1218
958 2721 1136 2760 ἐνπίτνει
1158 2718 1228 2757 M:
1260 2720 1444 2760 ἐνπίπτει
1466 2717 1526 2756 M2
1713 2729 1817 2766 1219
1847 2718 1908 2757 ἱπ·

239 2775 419 2814 ranorum
454 2771 747 2814 Valckenaer·
799 2775 976 2815 ἱππικοῖς
1026 2776 1070 2814 ἐν
1117 2774 1240 2813 codd
1468 2785 1573 2812 1220
1621 2775 1817 2813 συνοικῶν
1864 2771 1906 2809 Μ

219 2827 686 2931 ῗΞΒιὙὲΪθῗέἷῖαὲζέ
703 2828 906 2922 ὲεῖἴέθω
926 2828 1129 2924 ‘enimam
1167 2827 1360 2922 ἷῗῖ5ι>οχ
1345 2827 1507 2934 ὅῖηΜΡ
1545 2887 1588 2921 et
1626 2828 1907 2932 ἕοῖῗέεὲἔηῗῖ

241 2937 346 2975 1228
376 2938 432 2978 εἷς
451 2939 728 2991 τοῦμπροσθεν
750 2938 785 2977 Β
801 2937 836 2976 L
849 2937 884 2976 P
