2118 3366
793 127 1298 179 ΑΝΔΡΟΜΑΧΗ

217 260 307 323 Ερ.
345 261 439 324 πῦρ
470 278 553 309 σοι
583 257 860 324 προσοίσω,
895 257 980 309 κού
1007 257 1065 310 τὸ
1096 258 1190 311 σὸν
1219 259 1649 327 προσκέψομαι-

215 343 308 391 Αν.
346 340 410 391 σὺ
438 340 481 391 δ’
512 340 599 392 οὖν
629 339 846 392 κάταιθε·
893 342 996 393 θεοὶ
1027 343 1123 408 γὰρ
1155 343 1376 394 εἴσονται
1405 343 1538 397 τάδε.

217 426 304 488 Ερ.
345 424 425 475 καὶ
454 424 609 492 χρωτὶ
639 427 814 476 δεινῶν
844 423 1136 490 τραυμάτων
1167 427 1461 493 ἀλγηδόνας.

216 509 307 557 Αν.
344 506 522 574 σφάξ’,
556 506 764 572 αἱμάτου
794 510 910 562 θεᾶς
939 510 1130 574 βωμόν,
1162 507 1193 574 ἢ
1223 508 1423 575 μέτεισί
1450 532 1526 562 σε.
1802 518 1883 560 260

215 592 304 656 Ep.
340 588 379 642 ὦ
409 590 673 658 βάρβαρον
704 591 768 643 σὺ
799 591 990 658 θρέμμα
1021 593 1100 644 καὶ
1132 593 1353 660 σκληρὸν
1383 593 1586 661 θράσος,

341 676 651 741 ἐγκαρτερεῖς
681 674 739 739 δὴ
771 674 1010 735 θάνατον;
1057 676 1173 727 ἀλλ’
1206 678 1304 744 ἐγώ
1337 677 1385 727 σ’
1417 678 1561 745 ἕδρας

341 760 396 809 ἐκ
426 758 568 822 τῆσδ’
601 758 817 811 ἑκοῦσαν
849 758 1173 824 ἐξαναστήσω
1203 759 1350 830 τάχα·

339 842 522 894 τοιόνδ’
553 841 653 911 ἔχω
686 863 780 894 σου
809 841 1003 910 δέλεαρ.
1092 845 1227 896 ἀλλὰ
1253 847 1349 912 γὰρ
1380 846 1564 913 λόγους

341 915 532 993 κρύψω,
565 925 623 977 τὸ
654 925 695 978 δ’
728 926 873 994 ἔργον
903 925 1022 979 αὐτὸ
1053 933 1270 994 σημανεῖ
1294 927 1442 997 τάχα.
1804 935 1880 988 265

342 1008 517 1073 κάθησ’
548 1011 732 1076 ἑδραία·
780 1011 859 1062 καὶ
889 1012 986 1078 γὰρ
1016 1013 1059 1063 εἰ
1088 1012 1236 1079 πέριξ
1262 1013 1310 1063 σ’
1340 1012 1450 1082 ἔχοι

340 1092 517 1157 τηκτὸς
545 1094 816 1159 μόλυβδος,
850 1093 1178 1160 ἐξαναστήσω
1212 1096 1262 1147 σ’
1294 1098 1393 1164 ἐγὼ

282 1170 285 1174 ’
340 1177 455 1243 πρὶν
485 1175 522 1247 ᾧ
553 1176 796 1232 πέποιθας
826 1178 958 1230 παῖδ’
988 1178 1270 1247 Ἀχιλλέως
1298 1186 1490 1246 μολεῖν.

215 1263 306 1313 Αν.
343 1260 573 1313 πέποιθα.
662 1261 824 1314 δεινὸν
855 1262 898 1313 δ’
930 1265 1147 1331 ἑρπετῶν
1176 1267 1269 1330 μὲν
1299 1267 1486 1332 ἀγρίων

340 1344 432 1410 ἄκη
462 1350 696 1411 βροτοῖσι
725 1349 852 1398 θεῶν
883 1350 1201 1412 καταστῆσαί
1224 1370 1351 1401 τινα·
1805 1365 1883 1406 270

338 1427 366 1480 ὃ
397 1428 440 1480 δ’
471 1428 576 1481 ἔστ’
608 1430 807 1498 ἐχίδνης
839 1431 918 1483 καὶ
950 1431 1101 1498 πυρὸς
1132 1431 1421 1500 περαιτέρω,

340 1512 500 1567 οὐδεὶς
530 1513 761 1580 γυναικὸς
793 1513 1010 1581 φάρμακ’
1043 1515 1279 1583 ἐξηύρηκέ
1309 1539 1386 1569 πω

341 1600 504 1662 κακῆς·
550 1598 793 1649 τοσοῦτόν
825 1600 980 1664 ἐσμεν
1010 1600 1286 1667 ἀνθρώποις
1317 1602 1483 1654 κακόν.

213 1718 305 1767 Χο.
331 1713 404 1766 Ἦ
435 1714 671 1783 μεγάλων
702 1715 868 1784 ἀχέων
897 1716 973 1784 ἄρ’
1003 1718 1237 1785 ὑπῆρξεν,
1272 1719 1342 1771 ὅτ’
1374 1719 1560 1773 Ἰδαίαν
1685 1715 1818 1788 [στρ.
1851 1743 1886 1773 α

590 1802 640 1853 ἐς
671 1798 833 1852 νάπαν
863 1800 974 1865 ἦλθ’
1006 1803 1032 1852 ὁ
1064 1804 1196 1854 Μαίᾳ
1802 1820 1879 1861 275

591 1905 648 1937 ας
679 1906 734 1935 τε
765 1885 843 1935 καὶ
877 1885 998 1938 Διὸς
1028 1886 1187 1945 τόκος,

590 1969 841 2033 τρίπωλον
873 1967 1003 2035 ἅρμα
1032 1971 1279 2034 δαιμόνων

588 2050 725 2117 ἄγων
754 2051 813 2102 τὸ
843 2052 1150 2119 καλλιζυγές,

341 2132 463 2201 ἔριδι
493 2142 710 2204 στυγερᾷ
743 2136 1097 2201 κεκορυθμένον
1129 2137 1402 2205 εὐμορφίας

675 2219 925 2284 σταθμοὺς
955 2220 1036 2272 ἐπὶ
1066 2222 1242 2285 βούτα,
1805 2232 1883 2270 280

506 2301 702 2369 βοτῆρά
731 2302 773 2353 τ’
805 2304 935 2370 ἀμφὶ
963 2305 1275 2372 μονότροπον
1306 2307 1505 2358 νεανίαν

758 2387 941 2453 ἔρημόν
971 2387 1014 2439 θ’

675 2474 938 2540 ἑστιοῦχον
969 2471 1142 2524 αὐλάν.

269 2587 350 2635 258
377 2585 473 2628 τόδε
487 2585 529 2625 Α
693 2588 775 2626 26ο
804 2588 968 2637 αἵματος
984 2588 1017 2626 Ρ
1128 2589 1209 2627 266
1238 2589 1277 2630 ‹r'
1295 2603 1377 2630 om.
1393 2589 1434 2629 A
1449 2589 1483 2629 P
1595 2589 1684 2642 ἔχοι
1705 2590 1851 2631 Bruhn
1871 2605 1880 2630 :

216 2638 304 2692 ἔχει
324 2641 447 2681 codd.
600 2642 680 2681 268
710 2640 760 2694 ᾧ]
781 2643 828 2683 ὃν
849 2642 883 2680 Ρ
1039 2655 1121 2692 270
1149 2648 1406 2693 καταστῆσαι
1420 2650 1495 2695 p}
1516 2650 1558 2684 et
1579 2645 1696 2685 Stob.
1719 2659 1781 2696 73.
1805 2659 1879 2697 19:

216 2695 527 2746 ἐγκαταστῆσαι
555 2697 677 2736 codd.
712 2696 896 2747 (βροτοῖς
926 2696 979 2747 Ρ)
1158 2710 1235 2746 271
1274 2700 1296 2739 ὃ
1329 2699 1525 2741 Dobree:
1566 2699 1592 2741 ἃ
1619 2700 1741 2740 codd.
1775 2706 1819 2740 et
1849 2707 1880 2744 Σ

215 2760 295 2802 273
328 2752 514 2791 τοιοῦτον
542 2749 587 2790 Ρ.
649 2751 826 2790 Versum
850 2751 1019 2790 videtur
1045 2765 1131 2792 non
1157 2753 1358 2792 habuisse
1378 2759 1410 2797 Σ
1603 2755 1684 2803 276
1712 2753 1836 2803 ἢλθεν
1858 2758 1880 2795 ὁ

215 2803 338 2843 codd.
359 2817 370 2843 ε
399 2816 506 2844 corr.
533 2804 550 2842 l
568 2804 711 2857 (ἦλθεν
729 2811 773 2844 et
786 2819 826 2844 v,
844 2806 926 2844 286
940 2806 1097 2858 νίψαντ’
1114 2805 1360 2861 Wecklein)
1473 2807 1591 2851 τέκος
1609 2808 1651 2847 Μ
1668 2823 1678 2849 z
1707 2809 1829 2861 γόνος
1845 2809 1880 2848 Ρ

215 2870 297 2908 279
327 2859 499 2911 ἀγλαΐας
518 2858 618 2898 olim
639 2859 862 2899 Headlam.
925 2860 988 2899 Cf.
1012 2873 1049 2900 v.
1075 2862 1156 2911 289
1320 2863 1402 2902 280
1420 2862 1572 2910 βούτας
1593 2863 1805 2914 Schoene,
1827 2863 1878 2903 cl.

217 2911 321 3017 (Hglzi
345 2923 424 3020 ⁸{37
447 2913 540 2963 (τὰς
558 2915 791 2965 ποιμενικᾶς
813 2912 1000 2956 ἐπαύλεις
1022 2914 1070 2953 Β1
1092 2915 1137 2955 in
1158 2916 1369 2969 margine)
1515 2918 1592 2956 281
1624 2918 1663 2958 τ’
1684 2930 1766 2958 0111.
1788 2917 1830 2957 A
1843 2917 1878 2956 L

236 2979 262 3005 a
324 2997 334 3007 .

324 3047 428 3076 Eun.
450 3048 481 3076 1.
1662 3035 1713 3078 17
