2118 3366
268 384 335 433 Ιο.

280 2269 371 2317 Χο.

336 2636 418 2675 680
447 2638 577 2677 ταῦτα
597 2636 706 2676 LP:
736 2650 844 2677 corr.
870 2637 1024 2676 Portus

282 2690 417 2752 φίλοις
429 2708 443 2736 ,-

283 2751 477 2784 mowltz:

282 2801 377 2848 691.

283 2909 366 2958 689
412 2913 639 2961 μαχοῦνται
681 2911 884 2961 Madvig:
933 2916 1140 2963 μαχοῦμαι
1181 2911 1262 2950 LP

283 2966 512 3015 προστιθεὶς
552 2965 586 3004 Ρ
819 2968 903 3016 693
949 2966 1025 3018 μὴ]
1068 2967 1109 3017 μ’
1150 2969 1195 3007 οὔ
1236 2964 1471 3005 Kirchhoff
1685 2967 1903 3015 μενοῦντος
1941 2962 1960 3001 l

284 3020 365 3068 696
403 3019 604 3059 lineolam
635 3020 767 3071 praef.
801 3020 886 3060 LP
1023 3019 1172 3070 τοῖσδ’,
1202 3020 1283 3061 οῖσι
1311 3020 1329 3059 l
1534 3032 1613 3070 704
1652 3018 1729 3071 μὲν
1758 3019 1793 3058 L
1824 3019 1961 3071 (com--

883 168 1323 221 ΕΥΡΙΠΙΔΟΥ

391 298 478 350 οὐκ
508 297 570 350 ἂν
601 296 798 364 θέλοιμι
829 296 1119 364 πολεμίοισι
1152 303 1453 365 συμβαλεῖν.

398 380 594 449 κᾶγωγε
625 382 721 434 σὺν
754 383 853 434 σοί·
900 381 1053 434 ταύτὰ
1085 384 1179 449 γὰρ
1212 383 1556 449 φροντίζομεν,

392 466 562 532 φίλοις
592 466 849 533 παρόντες,
886 466 951 520 ὡς
982 465 1199 533 ἔοιγμεν,
1234 466 1468 533 ὠφελεῖν.

392 548 574 613 ἥκιστα
603 548 726 616 πρὸς
758 554 851 601 σοῦ
879 555 1044 616 μῶρον
1076 547 1137 613 ἧν
1169 551 1326 602 εἰπεῖν
1358 550 1489 604 ἔπος.

327 671 337 683 .
399 632 480 684 καὶ
508 631 574 697 μὴ
605 638 879 701 μετασχεῖν
911 633 959 701 γ’
991 633 1206 697 ἀλκίμου
1239 632 1403 701 μάχης
1435 635 1623 700 φίλοις.

351 754 361 767 .
395 715 482 766 οὐκ
512 715 617 767 ἔστ’
647 718 700 768 ἐν
731 718 852 784 ὄψει
881 721 1072 784 τραῦμα
1101 716 1168 782 μὴ
1203 710 1397 783 δρώσης
1427 717 1589 784 χερός.

327 838 338 850 .
398 800 448 851 τί
475 799 540 859 δ’;
589 799 646 850 οὐ
676 799 903 866 σθένοιμι
936 800 1025 852 κᾶν
1057 801 1157 867 ε’γὼ
1189 800 1250 851 δι’
1285 801 1519 860 ἆσπίδος;

354 922 364 934 .
399 882 597 936 σθένοις
627 882 703 943 ἄν,
737 885 873 935 ἀλλὰ
903 885 1124 951 πρόσθεν
1157 883 1303 938 αὐτὸς
1335 883 1396 936 ἂν
1426 883 1619 938 πέσοις.

330 1006 341 1018 .
401 966 558 1020 οὐδεὶς
589 966 664 1032 ἔμ’
697 969 888 1035 ἐχθρῶν
919 967 1266 1035 προσβλέπων
1300 967 1541 1032 ἀνέξεται.

353 1090 364 1102 .
399 1051 485 1102 οὐκ
516 1050 671 1110 ἔστιν,
705 1050 743 1103 ὦ
774 1055 880 1111 τᾶν,
914 1052 946 1117 ἥ
975 1051 1084 1104 ποτ’
1116 1052 1176 1118 ἧν
1207 1052 1344 1119 ῥώμη
1378 1051 1542 1104 σέθεν.

331 1174 343 1186 .
404 1135 519 1187 ἀλλ’
551 1135 639 1187 οὖν
666 1140 942 1204 μαχοῦνται
971 1136 1020 1203 γ’
1054 1135 1260 1203 ἀριθμὸν
1295 1136 1380 1188 οὐκ
1411 1135 1680 1189 ἐλάσσοσι.

354 1258 365 1271 .
400 1219 608 1286 σμικρὸν
637 1219 694 1271 τὸ
726 1219 817 1272 σὸν
850 1219 1057 1286 σήκωμα
1089 1222 1361 1288 προστίθης
1394 1222 1580 1288 φίλοις.

331 1342 342 1355 .
402 1301 469 1368 μή
500 1304 580 1355 τοί
604 1303 655 1369 μ’
688 1304 828 1371 ἔρυκε
858 1308 977 1371 δρᾶν
1010 1304 1501 1372 παρεσκευασμένον.
1776 1374 1780 1378 ἢ

356 1426 367 1439 .
401 1391 522 1454 δρᾶν
552 1390 644 1453 μὲν
676 1388 742 1439 σύ
770 1388 817 1456 γ’
849 1389 944 1458 οὐχ
974 1390 1076 1443 οἶός
1107 1411 1177 1448 τε,
1213 1390 1494 1455 βούλεσθαι
1525 1388 1566 1440 δ’
1598 1390 1737 1444 ἴσως.

331 1511 341 1523 .
404 1471 468 1526 ὡς
498 1471 564 1537 μὴ
595 1477 838 1538 μενοῦντα
867 1473 1031 1525 τᾶλλα
1064 1495 1146 1525 σοι
1178 1471 1349 1540 λέγειν
1380 1472 1528 1541 πάρα.

357 1594 368 1607 .
400 1561 504 1610 πῶς
534 1557 621 1608 οὗν
652 1557 879 1610 ὁπλίταις
909 1556 1128 1625 τευχέων
1161 1557 1278 1624 ἄτερ
1309 1564 1468 1630 φανῇ;

335 1680 345 1692 .
406 1639 512 1692 ἔστ’
545 1642 598 1692 ἐν
630 1641 859 1705 δόμοισιν
892 1642 1034 1693 ἔνδον
1066 1641 1346 1710 αἰχμάλωθ’
1378 1643 1528 1700 ὅπλα,

403 1729 506 1779 τοῖς
537 1724 578 1775 δ’
610 1726 723 1777 οὖσι
753 1726 1101 1793 χρησόμεσθα·
1151 1726 1507 1791 κᾶποδώσομεν

404 1810 594 1872 ζῶντες,
629 1811 867 1863 θανόντας
898 1810 939 1860 δ’
972 1810 1057 1861 οὐκ
1090 1808 1356 1874 ἀπαιτήσει
1385 1811 1510 1862 θεός.

402 1892 517 1944 ἀλλ’
551 1893 696 1946 εἴσιθ’
728 1896 849 1946 εἵσω
884 1893 1008 1946 κάπὸ
1040 1893 1325 1946 πασσάλων
1357 1894 1487 1946 ἑλὼν

404 1976 573 2045 ἔνεγχ’
604 1979 814 2043 ὁπλίτην
847 1978 1037 2043 κόσμον
1070 1978 1135 2032 ὡς
1164 1977 1381 2046 τάχιστά
1409 1999 1508 2044 μοι.

405 2060 619 2129 αἰσχρὸν
649 2064 743 2129 γὰρ
775 2062 1045 2129 οἶκούρημα
1077 2063 1301 2129 γίγνεται
1329 2063 1456 2122 τόδε,

406 2146 520 2200 τοὺς
548 2148 640 2212 μὲν
669 2145 940 2214 μάχεσθαι,
974 2147 1089 2201 τοὺς
1121 2149 1174 2198 δὲ
1205 2147 1366 2216 δειλία
1394 2144 1578 2212 μένειν.

486 2269 624 2331 λῆμα
652 2269 745 2332 μὲν
777 2267 910 2319 οὔπω
944 2267 1185 2334 στόρνυσι
1215 2268 1395 2334 χρόνος

490 2349 546 2402 τὸ
578 2351 687 2411 σόν,
721 2350 837 2402 ἀλλ’
867 2351 988 2421 ἡβᾷ,
1025 2357 1170 2417 σῶμα
1199 2354 1252 2403 δὲ
1283 2355 1514 2418 φροῦδον.

491 2435 543 2486 τί
569 2439 735 2489 πονεῖς
765 2434 935 2488 ἄλλως
966 2436 997 2487 ἃ
1029 2439 1090 2488 σὲ
1119 2437 1211 2501 μὲν
1242 2435 1455 2502 βλάψει,

491 2521 677 2586 σμικρὰ
708 2518 749 2570 δ’
781 2518 956 2583 ὀνήσει
987 2521 1136 2572 πόλιν
1166 2519 1431 2586 ἡμετέραν,·

1854 387 1937 429 680

1857 790 1939 855 68‘5

1864 1226 1945 1276 690

1824 2582 1826 2585 ¹
1874 2529 1953 2575 705

1177 2639 1258 2686 683
1291 2637 1486 2675 Fortasse
1508 2636 1573 2677 καὶ
1592 2636 1648 2686 μὴ
1667 2633 1866 2687 μετάσχω
1884 2661 1894 2673 .
1912 2663 1922 2674 .
1941 2663 1952 2675 .

609 2692 689 2740 684
721 2691 831 2730 inter
860 2694 942 2742 687
975 2698 1017 2731 et
1047 2695 1123 2742 691
1158 2705 1280 2731 suum
1312 2692 1450 2730 locum
1479 2691 1640 2729 habere
1669 2695 1791 2740 putat
1820 2687 1955 2728 Wila-

533 2746 812 2796 ordinemque
862 2747 975 2786 hunc
1026 2748 1181 2787 efficit:
1229 2748 1321 2797 683,
1361 2747 1570 2795 688-690,
1609 2746 1811 2794 685-687‚
1858 2744 1956 2792 684,

453 2800 667 2840 Versuum
706 2803 788 2851 684
829 2807 872 2840 et
917 2803 999 2840 688
1046 2803 1193 2841 sedem
1239 2806 1558 2852 permutaverat
1604 2800 1687 2838 iam
1726 2799 1955 2848 Musgrave

282 2854 378 2903 685,
414 2856 497 2894 686
540 2855 690 2907 θένοιμι
730 2863 773 2895 et
814 2856 940 2898 θένοις
977 2857 1169 2907 Pierson‚
1210 2858 1264 2896 ob
1297 2869 1335 2896 v.
1376 2857 1482 2905 738:
1526 2867 1765 2906 perperam,
1801 2853 1958 2904 opinor

284 3074 444 3121 pendio
464 3077 592 3129 scr.):
622 3077 678 3127 μὴ
702 3075 736 3114 Ρ

1484 2911 1567 2961 690
1613 2912 1862 2963 προστιθεῖς·
1891 2908 1927 2947 L
1946 2921 1959 2947 ι
