2118 3366
817 133 1135 182 ΜΗΔΕΙΑ

145 272 434 310 ΑΓΓΕΛΟΣ

271 345 308 397 ὦ
340 345 500 398 δεινὸν
531 345 679 413 ἔργον
707 345 1005 413 παρανόμως
1038 345 1356 413 εἰργασμένη,

270 429 482 495 Μήδεια,
518 434 674 496 φεῦγε
705 434 876 496 φεῦγε,
909 428 1034 494 μήτε
1064 429 1208 481 ναΐαν

268 513 472 565 λιποῦσῗ
503 511 697 577 ἀπήνην
726 511 838 577 μήτ’
869 515 991 581 ὄχον
1023 517 1319 579 πεδοστιβῆ.

126 594 246 662 Μὴ.
269 599 323 648 τί
348 596 389 648 δ’
421 595 560 661 ἄξιόν
589 617 674 661 μοι
703 599 857 659 τῆσδε
887 595 1125 664 τυγχάνει
1157 601 1344 663 φυγῆς;

142 683 237 747 Αγ.
270 683 466 732 ὄλωλεν
495 680 525 744 ἡ
555 680 794 746 τύραννος
827 681 1006 746 ἀρτίως
1039 681 1156 747 κόρη
1705 700 1809 740 1125

269 763 442 831 Κρέων
474 763 518 815 θ’
549 765 575 814 ὁ
607 764 776 831 φύσας
809 763 1084 831 φαρμάκων
1115 770 1212 816 τῶν
1246 770 1350 816 σῶν
1380 765 1493 818 ὕπο.

144 853 246 913 Μη.
272 847 549 900 κάλλιστον
579 847 721 901 εῖπας
749 851 922 912 μῦθον,
946 850 1011 919 ἐν
1042 848 1084 899 δ’
1117 847 1397 915 εὐεργέταις

267 931 326 983 τὸ
356 931 538 984 λοιπὸν
568 931 658 998 ἤδη
693 931 772 982 καὶ
804 932 975 998 φίλοις
1006 933 1144 996 ε’μοῖς
1176 932 1286 1003 ἔσῃ.

121 1014 235 1083 Αγ.
269 1016 323 1068 τί
351 1018 478 1088 φῄς,·
525 1021 728 1083 φρονεῖς
757 1018 849 1080 μὲν
879 1017 1001 1082 ὀρθὰ
1034 1016 1120 1067 κού
1150 1018 1316 1087 μαίνῃ,
1351 1015 1511 1083 γύναι,

266 1100 388 1164 ἥτις,
422 1098 675 1167 τυράννων
708 1101 883 1151 ἑστίαν
912 1099 1167 1171 ιἠκισμένη,
1700 1119 1808 1160 1130

265 1185 456 1253 χαίρεις
488 1184 710 1235 κλύουσα
741 1183 827 1234 κού
859 1189 1003 1256 φοβῇ
1034 1186 1095 1235 τὰ
1124 1183 1314 1244 τοιάδε,·

142 1272 245 1332 Μη.
268 1267 368 1336 ἔχω
399 1290 447 1319 τι
479 1269 613 1334 κάγὼ
644 1273 749 1321 τοῖς
779 1289 839 1334 γε
869 1273 979 1321 σοῖς
1009 1270 1251 1319 ἐναντίον·

262 1353 503 1421 λόγοισιν,
528 1354 705 1404 εἰπεῖν·
752 1352 887 1403 ἀλλὰ
914 1351 980 1417 μὴ
1016 1351 1255 1420 σπέρχου,
1292 1354 1459 1419 φίλος,

262 1434 414 1500 λέξον
445 1435 514 1487 δέ·
562 1441 665 1488 πῶς
697 1436 911 1496 ὤλοντο,·
960 1436 1032 1489 δὶς
1063 1437 1218 1487 τόσον
1250 1439 1344 1503 γὰρ
1377 1436 1438 1488 ἂν

269 1518 501 1587 τέρψειας
530 1520 673 1585 ἡμᾶς,
708 1522 750 1572 εἰ
780 1524 987 1572 τεθνᾶσι
1017 1520 1298 1587 παγκάκως.
1708 1540 1806 1580 1135

138 1607 231 1671 Αγ.
266 1604 374 1656 ἐπεὶ
403 1603 589 1656 τέκνων
622 1609 728 1656 σῶν
759 1603 885 1668 ἦλθε
916 1606 1153 1673 δίπτυχος
1183 1605 1306 1673 γονὴ

264 1687 358 1740 σὺν
388 1690 551 1756 πατρί,
588 1688 665 1741 καὶ
697 1693 923 1757 παρῆλθε
953 1689 1225 1756 νυμφικοὺς
1258 1690 1451 1755 δόμους,

262 1772 488 1838 ἥσθημεν
521 1774 660 1840 οἵπερ
694 1778 802 1827 σοῖς
833 1773 1110 1839 ἐκάμνομεν
1144 1779 1310 1827 κακοῖς

263 1861 438 1922 δμῶες·
485 1857 546 1910 δι’
580 1858 719 1909 ὤτων
751 1858 792 1908 δ’
825 1858 966 1912 εὐθὺς
999 1857 1058 1922 ἦν
1090 1859 1248 1912 πολὺς
1278 1860 1434 1925 λόγος

264 1943 325 1993 σὲ
357 1942 436 1993 καὶ
468 1943 622 1994 πόσιν
653 1942 747 1993 σὸν
779 1947 939 2004 νεῖκος
972 1945 1241 1994 ἐσπεῖσθαι
1271 1943 1327 1993 τὸ
1358 1945 1489 2009 πρίν.
1696 1962 1805 2002 1140

264 2030 400 2078 κυνεῖ
427 2026 469 2077 δ’
503 2026 528 2077 ὃ
559 2025 651 2091 μέν
681 2048 754 2079 τις
784 2026 927 2094 χεῖρ’,
961 2026 987 2078 ὃ
1019 2029 1071 2078 δὲ
1101 2025 1284 2091 ξανθὸν
1315 2026 1441 2094 κάρα

262 2110 468 2161 παίδων·
514 2112 613 2177 ἐγὼ
645 2113 698 2162 δὲ
732 2111 905 2164 καύτὸς
936 2112 1115 2176 ἡδονῆς
1145 2112 1241 2162 ὕπο

260 2192 445 2260 στέγας
473 2195 719 2261 γυναικῶν
752 2195 845 2246 σὺν
876 2194 1065 2248 τέκνοις
1096 2194 1177 2261 ἅμ’
1210 2196 1453 2260 ἑσπόμην.

202 2276 203 2279 “
259 2276 503 2330 δέσποινα
531 2278 574 2329 δ’
604 2277 666 2342 ἢν
695 2284 784 2330 νῦν
814 2279 924 2330 ἀντὶ
957 2285 1050 2330 σοῦ
1081 2279 1405 2345 θαυμάζομεν,

258 2361 374 2429 πρὶν
402 2364 493 2427 μὲν
525 2362 709 2414 τέκνων
742 2368 847 2414 σῶν
878 2365 1081 2415 εἰσιδεῖν
1113 2361 1368 2431 ξυνωρίδα,
1578 2380 1580 2383 ’
1695 2383 1798 2422 1145

190 2490 292 2516 1121
333 2490 415 2517 om.
452 2477 565 2518 BO:
606 2479 703 2518 add.
739 2479 762 2516 Ι)
914 2481 1012 2531 ἀγγ.
1051 2479 1129 2517 LP
1162 2486 1263 2518 ante
1295 2493 1489 2520 versum:
1532 2485 1608 2533 θερ.
1645 2481 1801 2523 AVB.

107 2532 321 2577 *Eaedem
354 2537 483 2576 notae
522 2545 641 2583 1125,
680 2546 798 2583 1129,
840 2536 944 2583 1136
1095 2534 1330 2587 παρανόμως
1363 2536 1402 2574 τ’
1440 2535 1531 2573 BV
1671 2538 1803 2590 εἰργα-

131 2586 335 2638 σμένονν
467 2600 582 2639 1122,
608 2602 711 2638 1123
741 2588 931 2638 suspecti
1042 2597 1044 2600 '
1086 2591 1191 2627 1126
1221 2590 1276 2640 θ’]
1294 2589 1384 2629 6'V
1526 2602 1631 2638 1130
1659 2592 1801 2646 τυράν-

132 2641 227 2693 νων]
249 2641 443 2695 τύραννον
462 2654 488 2681 v
590 2644 731 2685 ἑστίαν
754 2644 786 2681 L
802 2644 859 2681 P:
891 2644 1021 2685 οἰκίαν
1040 2643 1130 2683 AV
1145 2644 1179 2682 Β
1202 2650 1247 2682 et
1268 2644 1452 2682 sortasse
1474 2649 1504 2687 Σ
1602 2646 1801 2698 ᾖκισμένη

129 2696 170 2735 Α
185 2696 219 2734 L
233 2696 291 2736 P:
322 2696 549 2750 ᾖκισμένην
567 2699 607 2736 V
620 2699 655 2736 B
677 2704 720 2736 et
740 2698 925 2737 sortasse
942 2703 973 2741 Σ
989 2713 997 2738 :
1029 2698 1231 2752 ᾐκισμένη
1252 2728 1261 2737 .
1288 2729 1297 2738 .
1324 2727 1334 2736 .
1359 2699 1542 2740 κλύουσα
1560 2698 1597 2738 τ’
1614 2703 1659 2740 οὐ
1678 2706 1806 2752 φοβεῖ

131 2750 298 2801 Kuiper
505 2765 608 2802 1132
637 2756 779 2793 τοῖσδε
800 2753 1021 2792 Lascaris:
1053 2756 1161 2793 τοῖσι
1186 2754 1327 2792 Haun.
1521 2766 1627 2803 1134
1657 2754 1702 2796 δὲ
1717 2760 1801 2798 πῶς

133 2805 167 2843 L
183 2806 216 2844 P
231 2824 240 2847 ε
264 2805 299 2847 δ’
315 2807 419 2847 ὅπως
432 2805 525 2845 AV
539 2807 574 2846 Β
731 2819 835 2856 1135
856 2807 1046 2860 τέρψειαν
1058 2808 1113 2846 V:
1137 2821 1243 2847 corr.
1259 2822 1285 2847 v
1441 2810 1561 2858 1136,
1576 2823 1591 2846 1
1604 2822 1678 2858 137
1699 2809 1801 2859 ἦλθε

132 2889 141 2898 .
159 2889 170 2899 .
189 2891 198 2900 .
214 2860 396 2915 παρῆλθε
414 2868 660 2912 suspectum
844 2874 861 2898 1
873 2875 949 2911 139
979 2863 1029 2902 δι’
1050 2863 1181 2914 ὤτων]
1203 2862 1253 2903 δι’
1277 2866 1395 2903 οἴκων
1414 2862 1530 2902 Weil
1550 2877 1604 2902 ex
1623 2869 1655 2907 Σ
1678 2867 1799 2917 (κατὰ

107 2947 109 2950 .
129 2915 208 2964 τὴν
227 2915 376 2966 οἰκίαν)
517 2917 644 2959 πολὺς
665 2929 746 2955 orn.
774 2916 808 2953 B
1021 2927 1121 2965 1141
1155 2917 1264 2958 κύνει
1286 2918 1408 2956 codd.
1579 2926 1583 2929 ’
1609 2931 1711 2969 1143
1735 2919 1801 2969 ἅμ’

131 2965 316 3021 ἑσπόμην
334 2975 595 3020 suspectum,
618 2971 694 3009 sed
716 2970 860 3009 habuit
881 2975 911 3012 Σ
1095 2983 1199 3020 1144
1230 2971 1449 3013 δέσποιναν
1468 2972 1518 3021 ἢν
1536 2973 1588 3024 V,
1612 2987 1721 3013 corr.
1744 2971 1802 3013 V²
