2118 3366
286 2207 375 2255 Εκ.

338 2753 419 2790 312
451 2742 601 2782 ἄπεστι
620 2740 661 2779 Α
681 2739 915 2793 (ἐχρώμεθ’,
938 2741 988 2780 ὡς
1009 2737 1044 2779 δ’
1066 2737 1222 2784 Cobet)

982 141 1243 190 EKABH

405 272 581 324 οὔκουν
610 270 712 323 τόδ’
745 270 975 338 αἰσχρόν,
1011 272 1054 321 εἰ
1082 268 1331 335 βλέποντι
1358 271 1451 333 μὲν
1481 269 1618 337 φίλῳ

407 354 675 424 χρώμεσθ’,
706 353 814 406 ἐπεὶ
845 353 886 404 δ’
916 355 1098 412 ὄλωλε,
1130 351 1197 417 μὴ
1228 350 1482 420 χρώμεσθ’
1513 351 1610 411 ἔτι;

410 440 526 491 εἶεν·
572 439 623 490 τί
648 437 752 502 δῆτ’
784 439 888 504 ἐρεῖ
915 458 1004 496 τις,
1037 435 1100 501 ἤν
1129 457 1204 489 τις
1235 435 1295 486 αὖ
1325 441 1461 507 φανῇ

407 526 621 589 στρατοῦ
648 521 691 572 τ’
724 520 950 586 ἄθροισις
979 521 1235 585 πολεμίων
1265 517 1309 570 τ’
1343 520 1556 585 ἀγωνία;

406 607 591 673 πότερα
618 604 892 673 μαχούμεθ’
921 600 951 668 ἢ
987 602 1434 672 φιλοψυχήσομεν,

407 689 494 741 τὸν
526 688 813 742 κατθανόνθ’
846 690 1057 755 ὁρῶντες
1089 687 1146 738 οὐ
1175 687 1477 752 τιμώμενον,·

409 773 486 837 καὶ
517 773 616 839 μὴν
646 772 815 840 ἔμοιγε
847 772 989 836 ζῶντι
1018 771 1127 838 μέν,
1163 770 1268 822 καθ’
1298 769 1486 837 ἡμέραν

410 859 482 909 κεί
513 857 679 925 σμίκρ’
710 857 890 925 ἔχοιμι,
924 855 1068 909 πάντ’
1100 855 1161 907 ἂν
1192 855 1471 921 ἀρκούντως
1501 853 1627 922 ἔχοι·

405 941 600 1007 τύμβον
632 944 685 993 δὲ
715 941 998 1007 βουλοίμην
1031 939 1093 992 ἂν
1124 937 1417 1004 ἀξιούμενον

406 1025 492 1078 τὸν
524 1024 644 1091 ἐμὸν
674 1026 902 1091 ὁρᾶσθαι·
947 1026 1027 1076 διὰ
1057 1028 1243 1090 μακροῦ
1274 1025 1369 1090 γὰρ
1399 1022 1428 1087 ἡ
1459 1021 1620 1090 χάρις.

407 1111 449 1161 εἰ
481 1109 522 1160 δ’
554 1110 723 1176 οἰκτρὰ
755 1108 975 1176 πάσχειν
1007 1110 1123 1180 φῄς,
1156 1107 1261 1158 τάδ’
1293 1105 1534 1159 ἀντάκουέ
1562 1127 1673 1172 μου·

408 1194 538 1245 εἰσὶν
569 1193 682 1260 παρ’
713 1193 830 1258 ἡμῖν
862 1192 1001 1244 οὐδὲν
1033 1192 1198 1256 ἧσσον
1229 1190 1401 1242 ἄθλιαι

407 1282 576 1344 γραῖαι
606 1281 832 1344 γυναῖκες
860 1277 948 1341 ἠδὲ
979 1280 1260 1343 πρεσβῦται
1292 1275 1456 1334 σέθεν,

407 1361 596 1429 νύμφαι
624 1361 667 1412 τ’
699 1363 917 1428 ἀρίστων
948 1362 1177 1427 νυμφίων
1206 1359 1498 1424 τητώμεναι,

407 1446 477 1497 ὧν
504 1445 593 1509 ἥδε
624 1445 785 1496 κεύθει
815 1443 1004 1510 σώματ’
1034 1444 1190 1495 Ἰδαία
1223 1444 1372 1496 κόνις.

406 1530 566 1594 τόλμα
595 1527 719 1580 τάδ’.
804 1528 945 1594 ἡμεῖς
975 1528 1032 1587 δ’,
1069 1530 1111 1580 εἷ
1142 1532 1300 1580 κακῶς
1329 1527 1593 1592 νομίζομεν

406 1617 553 1678 τιμᾶν
583 1613 670 1665 τὸν
701 1613 904 1672 ἐσθλόν,
940 1614 1154 1678 ἀμαθίαν
1183 1608 1498 1679 ὀφλήσομεν·

410 1700 456 1749 οἱ
486 1697 743 1764 βάρβαροι
773 1699 826 1749 δὲ
855 1696 980 1763 μήτε
1009 1696 1123 1749 τοὺς
1154 1698 1337 1763 φίλους
1370 1697 1550 1762 φίλους

407 1781 629 1849 ἡγεῖσθε,
661 1781 787 1847 μήτε
816 1781 930 1834 τοὺς
963 1785 1126 1835 καλῶς
1155 1780 1455 1845 τεθνηκότας

408 1865 687 1932 θαυμάζεθ’,
722 1866 787 1919 ὡς
819 1865 880 1918 ἂν
909 1866 939 1930 ἡ
970 1868 1063 1931 μὲν
1092 1864 1284 1917 Ἑλλὰς
1316 1863 1511 1935 εὐτυχῇ,

405 1952 543 2015 ὑμεῖς
576 1949 618 2002 δ’
652 1950 789 2018 ἔχηθ’
821 1951 968 2015 ὅμοια
996 1955 1100 2002 τοῖς
1131 1948 1493 2014 βουλεύμασιν.

363 2074 374 2087 .
409 2036 526 2086 αἰαῖ·
571 2034 628 2087 τὸ
657 2038 836 2086 δοῦλον
868 2034 932 2087 ὡς
964 2033 1113 2085 κακὸν
1144 2031 1325 2100 πέφυκ’
1356 2033 1432 2083 ἀεὶ

407 2126 570 2189 τολμᾷ
601 2119 644 2170 θ’
673 2119 704 2170 δι
733 2118 799 2184 μὴ
830 2117 943 2186 χρή,
977 2125 1038 2190 τῇ
1070 2118 1163 2185 βίᾳ
1192 2116 1477 2182 νικώμενον.

407 2200 445 2254 ὦ
477 2203 704 2270 θύγατερ,
738 2204 878 2268 οὑμοὶ
908 2205 998 2268 μὲν
1029 2202 1177 2269 λόγοι
1207 2200 1329 2267 πρὸς
1359 2199 1531 2266 αἰθέρα

410 2291 620 2355 φροῦδοι
647 2286 810 2353 μάτην
838 2286 1070 2354 ῥιφέντες
1102 2286 1232 2352 ἀμφὶ
1265 2289 1358 2335 σοῦ
1388 2285 1561 2351 φόνου·

410 2372 474 2423 σὺ
504 2371 563 2430 δ’,
599 2373 646 2423 εἴ
671 2392 718 2422 τι
746 2371 896 2436 μείζω
928 2371 1135 2436 δύναμιν
1163 2365 1194 2433 ἢ
1225 2367 1385 2435 μήτηρ
1411 2367 1560 2434 ἔχεις,

411 2455 659 2519 σπούδαζε
687 2454 854 2508 πάσας
884 2454 1006 2506 ὥστ’
1038 2454 1246 2518 ἀηδόνος
1276 2453 1439 2517 στόμα

410 2541 640 2607 φθογγὰς
671 2542 818 2598 ἱεῖσα,
852 2538 918 2604 μὴ
951 2539 1248 2604 στερηθῆναι
1277 2537 1412 2602 βίου.

409 2624 692 2690 πρόσπιπτε
723 2622 766 2674 δ’
796 2625 999 2689 οἰκτρῶς
1027 2620 1156 2672 τοῦδ’
1187 2618 1477 2673 Ὀδυσσέως
1507 2618 1627 2685 γόνυ

1870 617 1946 659 315

1870 1036 1948 1076 320

1869 1456 1947 1496 325

1871 1876 1949 1918 330

1805 2311 1809 2313 ’
1868 2294 1946 2336 335

1389 2749 1469 2785 319
1498 2735 1679 2774 Videtur
1700 2731 1949 2771 Eustathius

288 2795 377 2846 (pp.
396 2796 490 2845 666,
516 2797 570 2845 46
591 2802 635 2835 et
655 2795 750 2845 801,
779 2794 851 2844 53)
883 2792 1042 2842 aliquid
1073 2793 1127 2831 de
1156 2792 1325 2831 coronis
1355 2789 1663 2841 sepulcralibus
1693 2787 1761 2826 hic
1791 2787 1948 2826 dictum

286 2851 531 2899 invenisse3
570 2850 802 2889 memoriae
831 2849 965 2899 lapsu,
1000 2853 1102 2898 puto

1270 2858 1350 2896 332
1388 2844 1534 2896 πέφυκ’
1565 2843 1626 2883 ἀεὶ
1658 2840 1823 2880 PF²0²
1854 2853 1948 2880 cum

286 2905 404 2945 Stob.
425 2906 491 2945 62.
516 2915 593 2954 25:
621 2904 733 2943 idem
764 2904 806 2944 ἔν
834 2919 914 2944 τινι
943 2902 1038 2943 λίαν
1058 2905 1213 2952 παλαιῷ
1232 2904 1314 2941 τῶν
1341 2897 1598 2951 ἀντιγράφων
1619 2909 1714 2936 esse
1736 2894 1838 2935 dicit
1857 2895 1949 2934 Tri-

286 2959 462 2999 clinius:
492 2958 712 3011 πεφυκέναι
745 2957 786 2996 Μ
799 2957 884 2996 AV
900 2957 933 2995 L
954 2963 997 2996 et
1017 2961 1048 2999 Σ
1061 2955 1100 2994 V
1123 2956 1165 3006 (i.
1183 2968 1220 2993 e.
1242 2954 1420 3005 πέφυκεν
1450 2954 1509 3002 df)

285 3031 406 3065 μενον
422 3013 539 3054 Stob.
561 3019 604 3052 et
623 3012 802 3052 fortasse
822 3018 852 3055 Σ
867 3011 905 3050 V

1088 3022 1165 3059 337
1197 3009 1296 3050 ὥστ’
1319 3008 1442 3046 codd.
1463 3013 1507 3046 et
1527 3011 1558 3049 Σ

1675 2963 1753 3000 333
1785 2948 1949 3004 κρατού-
