2118 3366
894 120 1354 178 ΕΥΡΙΠΙΔΟΥ

291 286 293 289 -
327 295 331 299 .
359 308 362 311 ⁴
423 253 522 300 τῶν
550 249 641 313 μὲν
673 250 768 316 γὰρ
782 246 922 317 Ἥρα
950 255 1238 317 προστατεῖ,
1273 250 1395 304 Διὸς
1425 250 1602 319 δάμαρ,
1659 277 1661 279 ·

422 332 560 396 ἡμῶν
591 331 633 382 δ’
665 331 868 397 Ἀθηνᾶ.
957 334 1086 399 φημὶ
1116 333 1158 387 δ’
1190 336 1260 387 εἰς
1291 333 1557 400 εὐπραξίαν
1890 354 1968 393 350

426 415 504 466 καὶ
534 414 665 466 τοῦθ’
695 415 954 484 ὑπάρχειν,
988 419 1115 468 θεῶν
1144 418 1417 482 ἀμεινόνων
1446 423 1646 487 τυχεῖν
1800 435 1802 438 ’

425 498 667 564 νικωμένη
700 501 796 566 γὰρ
826 501 1042 554 Παλλὰς
1072 501 1158 552 οὐκ
1189 499 1432 565 ἀνέξεται.

302 650 395 697 Χο.
430 648 493 697 Εἰ
526 645 589 697 σὺ
618 645 729 713 μέγ’
762 647 948 715 αὐχεῖς,
984 648 1143 715 ἕτεροι
1839 644 1968 717 [στρ.

513 735 605 781 σοῦ
634 729 791 782 πλέον
823 732 879 782 οὐ
907 730 1161 796 μέλονται,

510 810 592 880 <ἷῖ>>
625 812 743 878 ξεῖν’
772 813 1013 881 Ἀργόθεν
1046 816 1223 874 ἐλθών,
1892 831 1971 873 355

593 900 1010 966 μεγαληγορίαισι
1041 899 1083 949 δ’
1115 901 1237 964 ἐμὰς

677 980 864 1048 φρένας
896 982 952 1033 οὐ
983 981 1255 1050 φοβήσεις.

427 1063 572 1129 μήπω
603 1071 709 1118 ταῖς
738 1065 1041 1132 μεγάλαισιν
1073 1068 1153 1117 οὕ-

426 1169 494 1199 τω
528 1150 605 1201 καὶ
639 1150 960 1217 καλλιχόροις
990 1148 1139 1214 Ἀθή-

427 1254 534 1286 ναις
567 1234 657 1297 εἴη·
706 1233 769 1284 σὺ
800 1233 841 1284 δ’
872 1233 1062 1301 ἄφρων,
1098 1235 1127 1284 ὅ
1155 1233 1196 1285 τ’
1222 1231 1343 1301 ’‘Ap-
1898 1238 1976 1291 360

512 1338 589 1383 γει
622 1316 872 1369 Σθενέλου
902 1318 1156 1384 τύραννος.

430 1462 483 1516 ὃς
514 1464 664 1514 πόλιν
695 1464 856 1514 ἐλθὼν
888 1463 1061 1531 ἑτέραν
1847 1457 1976 1531 [ἀντ.

514 1547 657 1599 οὐδὲν
687 1546 929 1599 ἐλάσσον’
952 1547 1186 1615 ”Αργους,

515 1634 641 1683 θεῶν
674 1633 875 1698 ἱκτῆρας
905 1631 1094 1686 ἀλάτας

599 1717 678 1767 καὶ
711 1718 828 1781 ἐμᾶς
858 1716 1040 1784 χθονὸς
1072 1715 1368 1782 ἀντομένους
1900 1719 1976 1771 365

686 1798 828 1864 ξένος
859 1799 927 1852 ὢν
956 1802 1137 1866 βιαίως

432 1885 608 1942 ἕλκεις,
643 1884 698 1935 οὗ
728 1889 1033 1949 βασιλεῦσιν
1064 1887 1130 1936 ε’ί-

433 1967 535 2032 ξας,
570 1968 654 2018 οὐκ
686 1967 815 2019 ἄλλο
846 1970 1034 2020 δίκαιον
1065 1971 1132 2020 εἶ-

433 2053 553 2104 πών·
601 2057 694 2103 ποῦ
722 2057 874 2104 ταῦτα
906 2058 1068 2106 καλῶς
1099 2052 1159 2104 ἂν
1192 2055 1257 2105 εἵ-

518 2159 546 2201 η
579 2135 711 2204 παρά
742 2136 788 2203 γ’
819 2137 871 2189 εὗ
903 2141 1199 2204 φρονοῦσιν;
1604 2208 1605 2211 ¹
1899 2149 1978 2190 370

436 2282 626 2350 Εἰρήνα
656 2285 747 2348 μὲν
779 2285 895 2348 ἐμοί
919 2283 965 2350 γ’
998 2283 1109 2350 ἀρέ-
1810 2276 1977 2351 [ἐπῳδ.

437 2389 561 2419 σκει·
596 2367 660 2419 σὺ
691 2367 747 2427 δ’,
782 2366 819 2419 ὦ
852 2369 1117 2436 κακόφρων
1151 2366 1291 2432 ἄναξ,
1691 2392 1693 2394 ·

521 2450 674 2518 λέγω,
708 2453 750 2502 εἰ
780 2453 930 2503 πόλιν
962 2451 1113 2516 ἥξεις,

438 2535 530 2603 οὐχ
560 2536 713 2588 οὕτως
744 2537 775 2587 ἃ
805 2540 964 2589 δοκεῖς
998 2535 1141 2603 κυρή-

443 2641 566 2673 σεις·
614 2620 669 2670 οὗ
701 2620 782 2671 σοὶ
812 2621 947 2689 μόνῳ
980 2621 1131 2687 ἔγχος
1162 2619 1262 2671 οὐδ’
1798 2628 1800 2630 ’
1902 2633 1979 2675 375

372 2748 453 2786 350
490 2737 637 2786 Ἀθηνᾶ
668 2735 775 2775 LP:
815 2735 964 2777 Ἀθάνα
994 2736 1171 2776 Porson.
1234 2735 1321 2775 Sed
1356 2734 1407 2774 cf.
1443 2734 1507 2775 ΕΙ.
1547 2746 1666 2787 1254,
1698 2734 1832 2786 Soph.
1854 2733 1978 2774 Phil.

318 2803 408 2840 134,
433 2794 496 2830 &c
634 2802 714 2840 355
744 2790 773 2830 ὣ
790 2791 883 2842 ξεῖν’
902 2790 1097 2830 Erfurdt:
1127 2791 1221 2842 ξεῖν’
1240 2790 1322 2829 LP
1426 2790 1640 2831 ἐπελθῶνῖ
1759 2800 1841 2840 359
1867 2788 1984 2831 Ἀθά-

316 2863 401 2887 ναις
421 2846 437 2883 l
641 2846 721 2894 364
752 2845 868 2896 θεῶν]
893 2845 1075 2884 fortasse
1097 2845 1339 2893 delendum,
1361 2844 1411 2883 cf.
1432 2858 1469 2884 v.
1494 2856 1574 2894 355
1704 2846 1782 2894 365
1814 2842 1983 2895 ἀντομέ-

317 2917 406 2942 vous·
428 2899 580 2994 ΙΙῖῘΙειυεῙ(
598 2913 606 2938 :
637 2898 934 2952 ἀντεχομένους
956 2900 989 2938 L
1005 2899 1038 2938 P
1196 2912 1276 2949 372
1306 2899 1370 2940 σοὶ
1384 2899 1551 2938 'Canter
1709 2898 1914 2953 κακόφρον
1934 2896 1984 2937 L²

317 2961 388 2994 aut
