2118 3366
792 119 1194 167 ΑΛΚΗΣΤΙΣ

162 251 259 300 Απ.
284 248 387 306 οὔκ,
420 249 556 299 ἀλλὰ
584 252 688 301 τοῖς
715 246 964 313 μέλλουσι
995 247 1209 300 θάνατον
1239 251 1501 314 ἐμβαλεῖν.
1779 266 1834 306 50

163 335 262 383 Θα.
287 331 389 400 ἔχω
419 333 574 398 λόγον
605 331 663 395 δὴ
697 332 777 383 καὶ
806 333 1084 397 προθυμίαν
1114 331 1277 383 σέθεν.

161 418 258 467 Απ.
283 414 390 466 ἔστ’
419 415 506 467 οὖν
536 416 670 468 ὅπως
690 414 970 479 ’Ἄλκηστις
1001 417 1050 468 ἐς
1079 419 1234 482 γῆρας
1263 416 1436 480 μόλοι,·

162 502 260 550 Θα.
286 499 373 550 οὐκ
403 498 528 550 ἔστι·
574 504 739 564 τιμαῖς
771 500 893 563 κάμὲ
922 498 1193 565 τέρπεσθαι
1223 501 1372 551 δόκει.

161 585 257 634 Απ.
283 582 419 633 οὔτοι
446 581 604 634 πλέον
634 581 681 649 γ’
710 581 772 635 ἂν
801 578 831 646 ἢ
861 583 977 647 μίαν
1006 582 1181 650 ψυχὴν
1209 582 1409 648 λάβοις.

161 669 261 718 Θα.
286 664 411 717 νέων
442 667 725 732 φθινόντων
753 667 922 731 μεῖζον
952 665 1159 733 ἄρνυμαι
1189 665 1355 734 γέρας.
1784 684 1835 723 55

160 754 258 802 Απ.
285 749 375 801 κᾶν
405 755 557 816 γραῦς
587 752 778 814 ὄληται,
811 751 1065 803 πλουσίως
1094 749 1392 818 ταφήσεται.

163 837 259 886 Θα.
285 833 408 900 πρὸς
437 839 537 885 τῶν
569 835 804 902 ἐχόντων,
839 838 1020 900 Φοῖβε,
1053 834 1140 886 τὸν
1170 835 1323 900 νόμον
1352 836 1508 899 τίθης.

161 922 258 969 Απ.
285 923 387 971 πῶς
419 917 584 978 εῖπας;
631 917 746 969 ἀλλ’
778 917 808 982 ἧ
841 919 919 970 καὶ
951 918 1116 986 σοφὸς
1144 918 1364 983 λέληθας
1395 919 1486 979 ὥν;

163 1005 262 1053 Θα.
289 1002 482 1053 ὠνοῖντ’
513 1001 575 1053 ἂν
605 1004 678 1055 οἷς
707 1001 919 1068 πάρεστι
949 1003 1180 1069 γηραιοὺς
1213 1007 1396 1055 θανεῖν.

163 1089 260 1137 Απ.
285 1086 460 1138 οὔκουν
490 1089 628 1138 δοκεῖ
655 1107 738 1137 σοι
766 1085 913 1150 τήνδε
941 1108 1026 1152 μοι
1056 1091 1225 1138 δοῦναι
1254 1086 1426 1155 χάριν;
1781 1093 1835 1131 60

163 1173 261 1221 Θα.
286 1169 344 1220 οὐ
373 1169 492 1234 δῆτ’·
538 1171 809 1222 ἐπίστασαι
839 1174 894 1223 δὲ
922 1171 1036 1224 τοὺς
1065 1170 1211 1236 ἐμοὺς
1239 1172 1465 1237 τρόπους.

162 1257 260 1304 Απ.
286 1254 492 1321 ἐχθρούς
523 1275 582 1320 γε
612 1257 808 1318 θνητοῖς
841 1254 918 1306 καὶ
950 1258 1080 1308 θεοῖς
1112 1254 1493 1321 στυγουμένους.

163 1340 262 1389 Θα.
289 1338 375 1389 οὐκ
405 1337 467 1388 ἂν
496 1338 663 1389 δύναιο
695 1337 836 1390 πάντ’
867 1337 1005 1406 ἔχειν
1034 1338 1065 1389 ἃ
1093 1337 1160 1403 μή
1192 1361 1255 1391 σε
1286 1343 1373 1390 δεῖ.

162 1424 260 1473 Απ.
284 1419 315 1485 ἦ
342 1420 440 1486 μὴν
471 1421 535 1472 σὺ
565 1422 733 1493 παύσῃ
765 1424 938 1488 καίπερ
968 1422 1098 1487 ὠμὸς
1128 1421 1196 1474 ὢν
1225 1422 1370 1489 ἄγαν·

286 1510 419 1558 τοῖος
449 1504 671 1571 Φέρητος
702 1506 802 1557 εἶσι
830 1506 952 1572 πρὸς
982 1507 1160 1571 δόμους
1191 1506 1330 1573 ἀνήρ,
1780 1514 1840 1563 65

289 1589 583 1656 Εὐρυσθέως
612 1589 908 1657 πέμψαντος
936 1592 1137 1642 ἵππειον
1166 1590 1291 1656 μέτα

287 1675 453 1740 ὄχημα
484 1675 686 1745 Θρῄκης
717 1676 771 1725 ἐκ
800 1676 966 1727 τόπων
996 1675 1353 1743 δυσχειμέρων,

287 1755 342 1811 ὃς
372 1757 430 1822 δὴ
461 1756 691 1821 ξενωθεὶς
719 1758 879 1810 τοῖσδ’
910 1761 965 1810 ἐν
994 1758 1242 1825 Ἀδμήτου
1272 1761 1441 1826 δόμοις

287 1841 381 1910 βία
408 1846 616 1908 γυναῖκα
645 1841 792 1906 τήνδε
823 1843 870 1893 σ’
902 1842 1234 1910 ἐξαιρήσεται.

290 1924 420 1976 κοῦθ’
451 1926 480 1990 ἡ
511 1925 624 1993 παρ’
655 1927 795 1992 ἡμῶν
827 1949 909 1978 σοι
939 1926 1207 1994 γενήσεται
1235 1928 1381 1996 χάρις
1779 1943 1833 1984 70

289 2008 489 2076 δράσεις
520 2009 564 2060 θ’
595 2012 775 2075 ὁμοίως
805 2011 954 2070 ταῦτ’,
989 2011 1255 2084 ἀπεχθήσῃ
1286 2013 1330 2064 τ’
1360 2015 1487 2078 ε’μοί.

165 2095 264 2144 Θα.
289 2093 439 2145 πόλλ’
469 2093 530 2145 ἂν
562 2094 626 2145 σὺ
656 2094 806 2159 λέξας
836 2095 978 2147 οὐδὲν
1007 2095 1069 2147 ἂν
1099 2096 1255 2148 πλέον
1285 2097 1486 2163 λάβοις·

287 2177 318 2242 ἡ
349 2177 392 2228 δ’
424 2178 510 2230 οὖν
540 2178 662 2245 γυνὴ
696 2178 918 2231 κάτεισιν
950 2182 1019 2233 εἷς
1039 2178 1214 2232 ’Ἀιδου
1245 2182 1439 2246 δόμους.

289 2263 475 2331 στείχω
505 2262 548 2314 δ’
581 2263 657 2315 ἐπ’
691 2262 857 2327 αὐτήν,
892 2264 956 2317 ὡς
988 2263 1300 2331 κατάρξωμαι
1329 2262 1482 2333 ξίφει·

290 2345 419 2412 ἱερὸς
447 2349 542 2414 γὰρ
573 2347 715 2400 οὗτος
743 2352 842 2399 τῶν
873 2350 998 2399 κατὰ
1027 2348 1208 2417 χθονὸς
1241 2353 1365 2401 θεῶν
1782 2366 1832 2406 75

290 2431 404 2482 ὅτου
435 2430 538 2483 τόδ’
569 2431 721 2500 ἔγχος
752 2432 927 2497 κρατὸς
957 2435 1140 2505 ἁγνίσῃ
1172 2435 1335 2501 τρίχα.

219 2557 274 2597 50
304 2549 502 2598 ἐμβαλεῖν
522 2548 644 2587 codd.
671 2553 714 2586 et
733 2553 789 2590 Σε
822 2549 1024 2599 ἆμβαλεῖν
1044 2549 1227 2588 Bursian
1384 2561 1435 2599 51
1469 2550 1518 2599 δὴ
1538 2549 1577 2588 V
1591 2550 1651 2589 B:
1682 2567 1732 2602 γε
1755 2551 1789 2589 L
1804 2550 1836 2588 P

164 2613 217 2652 55
245 2600 368 2656 ’γέρας
381 2602 421 2640 V
434 2602 469 2641 B
483 2607 515 2646 Σ
536 2617 545 2642 :
574 2600 695 2644 κλέος
714 2603 746 2640 L
763 2603 796 2641 P
907 2605 959 2653 58
990 2602 1169 2653 λέληθας
1183 2604 1222 2642 V
1237 2604 1283 2654 L,
1303 2620 1368 2657 γρ.
1389 2605 1423 2642 Β
1444 2619 1453 2643 :
1483 2603 1665 2656 πέφυκας
1682 2606 1716 2644 Β
1728 2606 1766 2644 Ο
1779 2606 1833 2653 D,

164 2673 229 2710 γρ.
250 2656 315 2695 V:
347 2656 547 2704 ἐλήλυθας
575 2657 609 2695 Ρ
786 2670 839 2707 59
867 2656 1022 2699 ὦνοῖντ’
1046 2659 1080 2697 L
1104 2664 1147 2698 et
1173 2664 1205 2702 Σ
1226 2659 1334 2697 duo:
1366 2658 1564 2700 b'vow‘r'V
1584 2665 1627 2698 et
1646 2665 1678 2703 Σ
1697 2673 1807 2699 unus
1826 2674 1836 2698 ε

165 2711 322 2752 ὥνοιντ’
344 2711 378 2750 Ρ
392 2710 427 2749 Β
451 2711 619 2765 (ἅπαντ’
635 2710 667 2763 l)
810 2712 867 2753 οἷς
890 2713 923 2751 L
938 2713 971 2751 P
984 2717 1040 2756 Σε
1075 2714 1141 2755 οὓς
1160 2713 1198 2751 V
1213 2714 1248 2752 B
1388 2714 1579 2766 γηραιοὺς
1598 2715 1720 2754 codd.
1743 2721 1786 2753 et
1806 2719 1838 2757 Σ

169 2765 246 2817 (sc.
282 2765 376 2807 τοὺς
405 2766 566 2818 φίλους)
585 2780 594 2804 :
633 2768 792 2819 γηραιοὶ
823 2767 1047 2806 Hermann
1214 2770 1266 2818 64
1305 2768 1461 2822 παύσῃ]
1492 2768 1614 2822 πείσῃ
1646 2769 1837 2808 Schmidt

167 2821 301 2869 73-76
329 2820 431 2859 citat
451 2820 691 2859 Macrobius
704 2834 742 2860 v.
765 2833 823 2870 19.
844 2834 870 2869 4
1034 2834 1083 2871 74
1115 2822 1366 2876 κατάρξωμαι
1389 2823 1422 2861 Ρ
1437 2829 1479 2862 et
1501 2822 1709 2863 Macrob.:
1741 2840 1836 2864 κατ-

169 2873 332 2928 άρξομαι
354 2874 437 2912 LV
451 2874 486 2913 B
665 2886 716 2924 75
746 2879 829 2916 τῶν
849 2905 858 2914 .
886 2907 895 2915 .
917 2905 927 2915 .
950 2881 1051 2917 θεῶν
1069 2878 1190 2915 codd.
1213 2885 1256 2916 et
1276 2882 1307 2920 Σ
1326 2892 1335 2915 :
1373 2882 1430 2929 τῷ
1451 2907 1460 2917 .
1485 2907 1497 2917 .
1519 2907 1530 2918 .
1554 2883 1629 2931 θεῷ
1650 2877 1835 2917 Macrob.

169 2930 222 2978 76
260 2929 355 2969 ὅτου
373 2928 460 2970 τόδ’
480 2929 602 2969 codd.
628 2935 671 2969 et
691 2934 723 2973 Σ
744 2930 786 2982 (ὃ
806 2933 930 2971 τοῦτο
951 2932 984 2972 δ’
1003 2930 1058 2982 V>
1078 2944 1088 2969 ε
1120 2931 1200 2984 ὅτῳ
1220 2930 1307 2972 τόδ’
1330 2930 1519 2972 Macrob.
