2118 3366
801 132 1270 184 ῙΠΠΟΛΎΤΟΣ
1332 151 1335 154 ·

321 263 354 330 ἢ
383 265 425 317 δ’
457 265 612 333 ἄχθος
643 266 806 318 οἴκων.
896 266 939 316 εἷ
971 263 1012 315 δ’
1044 265 1070 314 ὃ
1103 262 1268 330 καιρὸς
1299 261 1360 326 ἦν
1390 259 1574 329 σαφής,

322 348 408 400 οὐκ
439 348 500 401 ἂν
531 349 610 401 δύ’
638 348 799 414 ἤστην
830 346 964 399 ταῦτ’
997 346 1175 414 ἔχοντε
1204 344 1483 413 γράμματα.

393 432 526 484 ταῦτ’
555 433 642 484 οὖν
673 431 843 497 ἐπειδὴ
874 429 1106 499 τυγχάνω
1140 427 1383 498 φρονοῦσ’
1413 426 1530 494 ἐγώ,

322 513 409 565 οὐκ
440 513 547 565 ἔσθ’
579 514 730 583 ὁποίῳ
763 512 1006 582 φαρμάκῳ
1040 515 1329 579 διαφθερεῖν

322 597 553 663 ἔμελλον,
587 597 719 649 ὥστε
747 597 1028 662 τοῦμπαλιν
1060 600 1237 648 πεσεῖν
1269 599 1480 663 φρενῶν.
1788 608 1870 652 390

321 679 452 746 λέξω
485 683 539 733 δὲ
570 681 650 733 καὶ
679 680 762 732 σοὶ
792 683 879 745 τῆς
911 683 1031 746 ἐμῆς
1063 679 1263 747 γνώμης
1295 679 1426 731 ὁδόν·

323 765 437 821 ἐπεί
459 764 510 830 μ’
541 764 664 832 ἔρως
694 764 926 832 ἔτρωσεν,
962 765 1212 817 ἐσκόπουν
1243 764 1375 816 ὅπως

324 847 556 901 κάλλιστ’
589 847 838 916 ἐνέγκαιμ’
870 848 1035 901 αὐτόν.
1125 846 1349 915 ἠρξάμην
1378 849 1470 912 μὲν
1501 845 1584 898 οὖν

324 934 378 985 ἐκ
398 936 566 1004 τοῦδε,
600 936 751 1000 σιγᾶν
782 931 930 997 τήνδε
963 933 1041 984 καὶ
1074 932 1304 999 κρύπτειν
1335 931 1506 983 νόσον.

322 1016 536 1088 γλώσσῃ
568 1019 663 1084 γὰρ
693 1016 836 1069 οὐδὲν
865 1016 1066 1075 πιστόν,
1098 1014 1128 1081 ἢ
1162 1019 1334 1083 θυραῖα
1362 1017 1454 1080 μὲν
1789 1029 1868 1071 395

324 1099 598 1168 φρονήματ’
617 1101 822 1168 «ἀνδρῶν
853 1104 1103 1154 νουθετεῖν
1136 1102 1414 1160 ἐπίσταται,

323 1183 443 1249 αὐτὴ
474 1184 516 1235 δ’
546 1184 633 1252 ὑφ’
664 1186 813 1251 αὐτῆς
846 1190 1064 1238 πλεῖστα
1097 1183 1322 1249 κέκτηται
1355 1182 1493 1236 κακά.

324 1268 381 1320 τὸ
413 1268 640 1335 δεύτερον
672 1272 726 1322 δὲ
755 1269 846 1334 τὴν
876 1269 1052 1321 ἄνοιαν
1085 1269 1136 1321 εὖ
1168 1267 1340 1336 φέρειν

321 1357 387 1423 τῷ
421 1357 706 1421 σωφρονεῖν
738 1358 930 1426 νικῶσα
960 1351 1361 1419 προυνοησάμην.

323 1437 492 1504 τρίτον
522 1436 580 1498 δ’,
616 1437 786 1501 ἐπειδὴ
819 1437 999 1490 τοισίδ’
1032 1437 1118 1488 οὐκ
1148 1436 1383 1502 ἐξήνυτον
1786 1451 1871 1492 400

325 1520 514 1588 Κύπριν
547 1524 805 1588 κρατῆσαι,
843 1525 1106 1573 κατθανεῖν
1137 1520 1276 1586 ἔδοξέ
1304 1542 1404 1587 μοι,

323 1604 821 1671 κράτιστον-οὐδεὶς
855 1604 1497 1672 ἆντερεῖκβουλευμάτων.

322 1689 433 1755 ἐμοὶ
461 1691 556 1757 γὰρ
588 1691 663 1756 ε’ίη
694 1688 819 1756 μήτε
849 1689 1117 1743 λανθάνειν
1149 1691 1278 1741 καλὰ

320 1772 433 1840 μήτ’
465 1775 653 1843 αἰσχρὰ
685 1775 855 1847 δρώσῃ
888 1774 1136 1841 μάρτυρας
1165 1773 1385 1828 πολλοὺς
1415 1773 1567 1842 ἔχειν.

320 1857 378 1909 τὸ
408 1857 450 1910 δ’
484 1858 632 1925 ἔργον
661 1857 750 1931 ᾔδη
785 1858 876 1924 τὴν
909 1860 1063 1911 νόσον
1094 1880 1148 1911 τε
1178 1861 1412 1917 δυσκλεᾶ,
1788 1872 1869 1913 405

322 1940 444 2009 γυνή
476 1963 531 1996 τε
561 1942 683 2010 πρὸς
714 1943 872 1995 τοῖσδ’
907 1942 1015 1995 οὖσ’
1049 1944 1357 2010 ἐγίγνωσκον
1390 1945 1566 2000 καλῶς,

319 2027 515 2093 μίσημα
545 2030 717 2079 πᾶσιν.
809 2027 875 2081 ὣς
906 2029 1077 2079 ὄλοιτο
1109 2025 1373 2094 παγκάκως

318 2110 428 2175 ἥτις
458 2109 580 2178 πρὸς
613 2110 794 2178 ἄνδρας
823 2110 993 2179 ἤρξατ’
1026 2111 1285 2179 αἰσχύνειν
1314 2109 1440 2178 λέχη

320 2194 486 2261 πρώτη
519 2197 762 2262 θυραίους.
851 2197 904 2247 ἐκ
938 2199 991 2247 δὲ
1022 2197 1263 2263 γενναίων
1295 2196 1458 2261 δόμων

320 2277 420 2330 τόδ’
453 2277 571 2346 ἦρξε
603 2280 855 2344 θηλείαισι
886 2282 1153 2347 γίγνεσθαι
1179 2280 1347 2331 «κακόν.
1786 2295 1868 2335 410

320 2364 438 2415 ὅταν
469 2365 565 2431 γὰρ
598 2365 787 2432 αἰσχρὰ
819 2369 985 2416 τοῖσιν
1019 2366 1282 2416 ἐσθλοῖσιν
1313 2367 1446 2436 δοκῇ,

247 2478 329 2528 386
372 2479 484 2520 οἶκον
523 2478 565 2517 Κ
791 2479 869 2529 387
915 2480 1032 2521 ταῦτ’
1074 2479 1108 2518 L
1128 2493 1139 2518 ε
1189 2479 1302 2520 ταῦτ’
1344 2478 1434 2518 rell.
1637 2478 1790 2530 ἔχοντα
1827 2477 1868 2517 Α

193 2532 412 2586 πράγματα
440 2533 559 2572 AB:
596 2532 788 2587 γράματα
820 2534 860 2572 Κ
1046 2535 1129 2584 388
1173 2531 1394 2587 ’τύγχανον
1424 2531 1584 2572 Reiske
1618 2532 1869 2586 (ἐτύγχανον

191 2588 454 2639 γινώσκουσα
472 2588 522 2639 Σ)
637 2588 857 2641 προγνοῦσ’
878 2587 919 2627 Α
1101 2601 1183 2639 390
1217 2589 1394 2640 ἔμελλον
1414 2587 1682 2638 postmodum
1703 2587 1798 2628 add.
1823 2587 1864 2626 M

193 2643 302 2683 ὥστε
352 2641 364 2657 ’
388 2641 560 2693 ἔμπαλιν
581 2642 622 2681 Κ
643 2644 721 2682 sed
741 2644 833 2694 ipse
854 2656 960 2682 corr.
1079 2656 1162 2693 393
1196 2642 1397 2694 ἐνέγκοιμ’
1417 2643 1604 2682 Dindorf
1707 2643 1791 2693 398
1819 2659 1866 2683 τε

195 2697 276 2745 τὴν
386 2695 426 2733 Α
442 2695 477 2734 Β
528 2696 627 2747 (sic)
893 2709 974 2745 400
1019 2696 1166 2738 τοισίδ’
1214 2696 1480 2736 Valckenaer
1499 2709 1507 2733 z
1557 2698 1693 2738 τοῖσιν
1740 2698 1862 2738 codd.

193 2748 343 2801 (etiam
375 2747 436 2801 K)
645 2762 727 2800 402
766 2752 878 2791 οὐδεῖ
904 2749 946 2789 Μ
969 2764 978 2789 :
1017 2762 1126 2791 corr.
1160 2749 1220 2789 M²
1370 2750 1663 2802 βουλευμάτων
1694 2750 1734 2789 Μ
1751 2751 1869 2791 BO:

193 2802 473 2854 βουλεύμασιν
490 2802 532 2842 Α
549 2803 601 2843 B²
613 2803 653 2843 V
667 2805 701 2843 L
716 2805 750 2844 P
763 2810 794 2848 Σ
1014 2816 1094 2854 405
1125 2804 1203 2859 ᾔδη
1228 2804 1340 2859 (ἤδη)
1366 2805 1406 2844 Κ
1424 2805 1464 2844 Μ
1481 2805 1519 2845 Α
1535 2806 1570 2845 Β
1591 2820 1601 2845 2
1630 2806 1743 2860 ᾔδειν
1762 2806 1802 2845 V
1815 2806 1868 2845 B'*

195 2857 229 2897 L
243 2858 277 2897 P
461 2860 544 2908 406
571 2859 675 2911 γυνή
695 2876 742 2900 τε
765 2859 799 2898 L
815 2859 849 2898 P
867 2874 877 2898 ε
903 2860 1008 2912 γυνὴ
1030 2858 1074 2900 δὲ
1096 2859 1187 2899 rell.
1312 2864 1399 2901 τοῖς
1423 2860 1463 2899 Κ
1650 2873 1730 2910 407
1762 2860 1867 2900 Post

187 2911 470 3008 -gaaffivlgffirx
484 2912 742 3007 li3ntex·pung.
765 2915 887 2954 codd.
911 2920 954 2953 et
977 2920 1019 2966 Σ,
1046 2920 1141 2965 post
1168 2918 1302 2956 καλῶς
1323 2913 1437 2954 Weil
1562 2916 1612 2957 ὡς
1634 2914 1787 2955 VB²L
1803 2915 1837 2955 P
1853 2929 1866 2956 ε

226 2981 280 3008 <rr
