2118 3366
910 129 1348 202 ETPmle'r

422 282 554 342 ἀλλ’,
589 283 632 335 εἰ
662 281 718 334 τὸ
750 283 912 347 κείνης
942 269 1182 350 δυστυχεῖ
1207 282 1396 333 παίδων
1424 278 1554 346 πέρι,

421 366 634 421 ἄπαιδας
661 366 790 431 ἡμᾶς
819 369 898 418 δεῖ
925 368 1232 430 καταστῆναι
1260 363 1470 424 τέκνων,·

423 451 695 518 φθείρεσθε
723 452 894 514 τῆσδε,
927 452 1100 515 δμῶες,
1135 448 1200 502 ὡς
1230 447 1292 500 ἂν
1322 446 1518 513 ἐκμάθω
1882 460 1961 502 715

425 535 472 586 εἴ
497 535 571 588 τίς
599 555 663 599 με
690 533 830 585 λύειν
860 535 1015 598 τῆσδε
1046 532 1262 584 κωλύσει
1290 531 1458 600 χέρας.

508 617 680 685 ἔπαιρε
710 614 916 682 σαυτήν·
963 617 1028 670 ὡς
1060 617 1159 683 ἐγὼ
1191 616 1364 682 καίπερ
1393 613 1586 682 τρέμων

425 704 641 755 πλεκτὰς
672 700 887 767 ἱμάντων
919 701 1194 768 στροφίδας
1224 697 1542 765 ἐξανήσομαι.

424 786 523 845 ὧδ’,
557 783 595 836 ὦ
629 784 846 844 κάκιστε,
878 784 1020 850 τῆσδ’
1050 783 1278 850 ἐλυμήνω
1308 782 1484 851 χέρας,·

425 875 552 936 βοῦν
582 865 612 934 ἢ
642 868 806 922 λέοντ’
836 868 1041 934 ἤλπιζες
1072 869 1304 921 ἐντείνειν
1334 868 1569 935 βρόχοις,·
1883 880 1965 921 7²0

424 951 454 1018 ἢ
486 953 552 1020 μὴ
584 952 733 1021 ξίφος
761 953 982 1019 λαβοῦσ’
1015 952 1315 1018 ἀμυνάθοιτό
1344 973 1405 1004 σε

429 1039 648 1098 ἔδεισας;
697 1038 816 1104 ἕρπε
846 1036 972 1104 δεῦρ’
1003 1036 1082 1089 ὑπ’
1114 1035 1352 1103 ἀγκάλας,
1386 1034 1599 1102 βρέφος,

428 1121 611 1187 ξύλλυε
638 1121 822 1189 μητρὸς
852 1121 1052 1191 δεσμόν·
1102 1123 1155 1172 ἐν
1186 1121 1318 1188 Φθίᾳ
1350 1118 1400 1169 σ’
1431 1120 1530 1186 ἐγὼ

429 1205 602 1273 θρέψω
633 1204 792 1273 μέγαν
822 1205 980 1257 τοῖσδ’
1014 1205 1210 1273 ἐχθρόν.
1300 1205 1342 1255 εἰ
1374 1202 1414 1254 δ’
1447 1203 1580 1267 ἀπῆν
1611 1201 1753 1271 δορὸς

427 1296 530 1343 τοῖς
561 1288 893 1356 Σπαρτιάταις
923 1288 1044 1354 δόξα
1075 1289 1154 1341 καὶ
1183 1287 1348 1356 μάχης
1378 1287 1528 1354 ἀγών,
1885 1299 1967 1341 725

428 1374 574 1426 τᾶλλ’
606 1376 747 1428 ὄντες
775 1375 889 1426 ἴστε
918 1372 1127 1439 μηδενὸς
1159 1373 1437 1438 βελτίονες.

304 1463 394 1511 Χο.
429 1458 689 1524 ἀνειμένον
718 1479 766 1510 τι
795 1461 962 1526 χρῆμα
993 1461 1294 1525 πρεσβυτῶν
1325 1454 1470 1522 γένος

432 1545 511 1595 καὶ
542 1543 895 1610 δυσφύλακτον
926 1540 1190 1606 ὀξυθυμίας
1219 1542 1330 1592 ὕπο.

307 1632 403 1679 Με.
431 1627 558 1695 ἄγαν
589 1626 853 1694 προνωπὴς
885 1628 955 1679 εἷς
985 1625 1041 1677 τὸ
1071 1629 1319 1692 λοιδορεῖν
1351 1623 1497 1695 φέρῃ·

430 1712 529 1779 ἐγὼ
562 1714 615 1763 δὲ
645 1710 767 1778 πρὸς
797 1712 918 1776 βίαν
947 1712 1039 1776 μὲν
1071 1711 1140 1763 εἰς
1171 1710 1333 1761 Φθίαν
1363 1708 1533 1773 μολὼν
1888 1719 1970 1761 730

430 1795 532 1848 οὔτ’
566 1797 652 1848 οὖν
682 1817 729 1847 τι
760 1793 925 1861 δράσω
958 1799 1183 1861 φλαῦρον
1217 1793 1329 1845 οὔτε
1359 1794 1611 1857 πείσομαι.

433 1880 512 1932 καὶ
543 1885 628 1932 νῦν
658 1878 881 1945 μέν-οὐ
911 1880 1007 1946 γὰρ
1038 1877 1263 1946 ἄφθονον
1296 1875 1493 1944 σχολὴν
1525 1875 1700 1944 ἔχω-

432 1964 597 2029 ἄπειμ’
629 1966 679 2017 ἐς
711 1965 888 2016 οἴκους·
936 1962 1045 2014 ἔστι
1076 1961 1172 2029 γάρ
1202 1983 1276 2015 τις
1306 1961 1362 2012 οὗ
1393 1961 1565 2027 πρόσω

433 2048 662 2115 Σπάρτης
694 2088 705 2099 .
741 2087 753 2099 .
786 2087 797 2099 .
831 2048 979 2100 πόλις
1009 2068 1100 2106 τις,
1133 2044 1163 2111 ἢ
1197 2045 1292 2112 πρὸ
1323 2049 1409 2097 τοῦ
1442 2046 1533 2110 μὲν
1565 2042 1624 2107 ἦν
1658 2043 1801 2110 φίλη,

433 2138 519 2185 νῦν
551 2133 591 2184 δ’
622 2133 779 2200 ἐχθρὰ
810 2137 956 2184 ποιεῖ·
1003 2129 1137 2195 τήνδ’
1170 2128 1458 2194 ἐπεξελθεῖν
1493 2126 1624 2180 θέλω
1889 2140 1970 2182 735

433 2215 850 2283 στρατηλατήσας
879 2217 1202 2284 χὺποχείριον
1232 2219 1432 2280 λαβεῖν.

433 2303 552 2353 ὅταν
584 2304 638 2353 δὲ
667 2302 810 2352 τάκεῖ
837 2304 904 2352 θῶ
939 2302 1061 2351 κατὰ
1091 2300 1292 2367 γνώμην
1323 2296 1460 2364 ἐμήν,

433 2385 552 2451 ἥξω·
599 2386 769 2453 παρὼν
800 2389 854 2437 δὲ
884 2384 1006 2451 πρὸς
1039 2385 1288 2451 παρόντας
1321 2385 1555 2449 ἐμφανῶς

433 2469 691 2537 γαμβροὺς
722 2467 900 2533 διδάξω
935 2468 1012 2520 καὶ
1045 2467 1303 2533 διδάξομαι
1332 2467 1529 2533 λόγους.

436 2553 525 2605 κᾶν
555 2556 648 2618 μὲν
680 2552 868 2624 κολάζῃ
899 2551 1046 2617 τήνδε
1078 2552 1158 2603 καὶ
1188 2551 1246 2603 τὸ
1274 2549 1456 2602 λοιπὸν
1485 2549 1515 2621 ᾖ
1890 2560 1977 2602 740

436 2638 657 2705 σώφρων
689 2637 794 2689 καθ’
825 2638 969 2702 ἡμᾶς,
1006 2635 1230 2703 σώφρον’
1263 2632 1610 2701 ἀντιλήψεται·

365 2756 444 2802 716
471 2753 594 2802 τήνδε
616 2753 650 2792 L
837 2765 916 2803 722
947 2751 1145 2805 ἀγκάλαις
1167 2751 1208 2789 Μ
1227 2750 1331 2790 AV²
1521 2761 1600 2798 723
1629 2745 1779 2798 δεσμόν
1799 2746 1975 2797 scripsi:

309 2809 438 2858 δεσμά
467 2809 617 2848 codd..:
655 2806 770 2858 δέσμ’
802 2808 882 2860 ἐγώ
913 2806 951 2848 σ’
984 2810 1027 2847 ἐν
1054 2809 1108 2860 τῇ
1136 2807 1233 2860 Φθίᾳ
1265 2805 1299 2844 L
1330 2803 1457 2856 (sic):
1492 2804 1621 2854 δεσμὰ
1648 2800 1800 2856 μητρός
1831 2801 1976 2841 Heath

310 2875 388 2912 727
417 2861 537 2915 γένος
568 2863 609 2901 Μ
629 2863 714 2901 LP
742 2879 807 2916 γρ.
841 2861 891 2900 V²
921 2861 1037 2901 Stob.
1077 2862 1165 2900 116.
1198 2873 1276 2911 37:
1309 2860 1385 2913 ἔφυ
1413 2858 1555 2897 AVB
1573 2858 1612 2897 Ο
1773 2857 1852 2906 728
1880 2858 1978 2909 ὅπερ

310 2917 345 2955 L
558 2930 631 2967 73Ι
674 2921 837 2969 φαῦλῡν
861 2915 952 2957 οὐδὲ
980 2915 1021 2954 Α
1233 2927 1312 2964 733
1350 2914 1415 2955 καὶ
1443 2914 1524 2966 γὰρ
1555 2913 1670 2954 ἔστιν
1699 2913 1743 2952 οὐ
1774 2911 1979 2959 Hartung

309 2971 492 3074 ἓάὖΐὶἒθό(
520 2990 582 3015 ‘m
611 2972 758 3012 habuit
786 2973 836 3024 Σ)
1030 2981 1108 3021 735
1146 2969 1283 3021 τήνδ’]
1312 2969 1391 3018 τὴν
1423 2967 1643 3007 Hermann
1794 2967 1979 3007 ἐπελθεῖν
