2118 3366
119 257 212 304 Χο.

120 340 214 388 Αλ.

119 424 211 471 Χο.

121 507 217 555 Αλ.

119 590 211 638 Χο.

121 674 215 721 Αλ.

120 757 214 806 Χο.

120 842 214 889 Αλ.

119 925 214 973 Χο.

121 1009 215 1057 Αλ.

707 120 1202 169 ΗΡΑΚΛΕΙΔΑΙ

245 252 338 320 οὐχ
367 251 518 304 ὅντιν’
547 250 608 303 ἄν
637 272 695 318 γε
729 249 868 314 ζῶνθ’
900 250 1089 303 ἕλωσιν
1119 252 1175 302 ἐν
1205 249 1361 321 μάχῃ.

249 337 329 389 καὶ
357 340 510 388 ταῦτα
541 332 734 399 δόξανθ’
755 331 951 387 ’Ὕλλος
981 333 1306 401 ἐξηνέσχετο,·

243 423 371 487 χρῆν
402 418 443 470 δ’
475 418 640 477 αὐτόν,
674 416 826 482 οἶμαι,
860 416 965 489 τῇδ’
998 419 1280 482 ἀπιστῆσαι
1308 419 1480 485 χθονί,·

249 506 378 571 χρῆν
408 502 552 554 τόνδε
581 501 648 567 μὴ
682 501 766 565 ζῆν
796 500 910 566 μηδ’
942 501 1061 567 ὁρᾶν
1091 494 1262 567 Τφάος
1294 501 1417 552 &rm

244 585 344 638 τότ’
375 583 579 650 ἠδικήθη
611 589 808 651 πρῶτον
839 584 896 636 οὐ
926 584 1089 637 θανὼν
1119 585 1216 636 ὅδε.

250 669 336 721 οὐκ
367 670 453 721 οὖν
484 668 551 721 ἔτ’
584 669 723 720 ἐστὶν
754 670 808 720 ἐν
841 672 974 738 καλῷ
1006 672 1174 720 δοῦναι
1205 669 1368 733 δίκην,·

247 753 334 805 οὐκ
364 753 476 805 ἔστι
504 757 679 805 τοῦτον
710 753 853 806 ὅστις
882 751 944 803 ἂν
975 751 1286 805 κατακτάνοι.

248 837 426 905 ἔγωγε·
474 837 631 888 καίτοι
663 837 791 904 φημὶ
823 835 932 902 κᾶμ’
964 835 1097 888 εἶναί
1119 858 1246 889 τινα.

246 920 444 986 πολλὴν
474 920 549 988 ἄρ’
581 919 709 985 ἔξεις
738 919 950 988 μέμψιν,
985 922 1027 972 εἶ
1059 919 1261 987 δράσεις
1291 921 1421 973 τόδε.

250 1006 564 1072 φιλῶπόλιν
595 1003 746 1069 τήνδ’·
793 1004 933 1056 οὐδὲν
965 1005 1298 1057 ἆντιλεκτέον.

244 1094 416 1141 τοῦτον
446 1088 506 1148 δ’,
541 1089 742 1156 ἐπείπερ
773 1094 944 1156 χεῖρας
974 1087 1129 1153 ἦλθεν
1161 1091 1230 1144 εἷς
1262 1087 1400 1155 ἐμάς,

246 1173 334 1224 οὐκ
365 1172 475 1224 ἔστι
510 1176 702 1237 θνητῶν
734 1174 874 1226 ὅστις
906 1171 1240 1240 ἐξαιρήσεται.

247 1256 370 1324 πρὸς
398 1261 551 1309 ταῦτα
580 1256 670 1321 τὴν
701 1260 942 1323 θρασεῖαν
972 1258 1111 1311 ὅστις
1142 1256 1203 1309 ἂν
1233 1256 1356 1330 θέλῃ

247 1342 328 1394 καὶ
356 1341 447 1406 τὴν
479 1345 768 1444 φρονοῦσαν
797 1336 1020 1406 μεῖζον
995 1363 1025 1405 η
1055 1346 1263 1409 γυναῖκα
1291 1364 1388 1410 χρη

245 1423 398 1490 λέξει·
443 1424 500 1476 τὸ
530 1424 573 1476 δ’
605 1424 751 1492 ἔργον
781 1424 912 1476 τοῦτ’
945 1426 1052 1491 ἐμοὶ
1084 1424 1401 1493 πεπράξεται.

121 1513 216 1562 Χο.
249 1511 412 1562 δεινόν
441 1531 489 1562 τι
519 1509 598 1561 καὶ
631 1509 978 1577 συγγνωστόν,
1012 1507 1049 1561 ὠ
1080 1510 1241 1578 γύναι,
1277 1510 1328 1560 σ’
1360 1510 1467 1578 ἔχει

248 1599 407 1648 νεῖκος
437 1593 559 1661 πρὸς
589 1592 744 1661 ἄνδρα
772 1594 932 1653 τόνδε,
965 1594 1232 1661 γιγνώσκω
1267 1599 1445 1649 καλῶς.

124 1702 503 1740 ΕΥΡΥΣΘΕΥΣ

179 2734 259 2784 967
291 2739 432 2773 notam
455 2735 521 2787 ἀγ.
546 2734 678 2785 praef.
706 2734 739 2773 L
755 2733 798 2783 P,
820 2747 884 2773 vv.
910 2735 1102 2784 969-972
1123 2734 1304 2774 lineolas

129 2787 292 2828 Barnes
314 2803 324 2828 ε
352 2790 443 2840 μηδ’
461 2789 519 2830 ἔτ’
537 2790 700 2843 εἰσορᾶν
717 2788 817 2842 φάος
836 2788 1019 2829 Erfurdt.
1039 2790 1088 2829 cl.
1107 2788 1204 2830 Alc
1224 2790 1275 2828 18

91 2868 94 2872 ·
128 2846 204 2887 κᾶν
230 2845 365 2896 μεῖναί
391 2862 484 2888 τινα
514 2845 619 2885 LP:
664 2858 773 2885 corr.
803 2845 1021 2895 Tyrwhitt

247 1777 409 1845 γύναι,
442 1775 570 1844 σάφ’
601 1778 709 1828 ἵσθι
738 1775 804 1842 μή
835 1798 898 1843 με
929 1776 1251 1829 θωπεύσοντά
1283 1799 1359 1836 σε,

247 1860 360 1927 μηδ’
391 1860 520 1912 ἄλλο
549 1863 703 1926 μηδὲν
733 1864 820 1925 τῆς
851 1863 971 1926 ἐμῆς
1000 1864 1172 1928 ψυχῆς
1203 1860 1316 1928 πέρι

247 1944 444 2010 λέξονθ’
476 1946 591 1996 ὅθεν
621 1944 717 2012 χρὴ
751 1946 941 1997 δειλίαν
972 1946 1152 2011 ὀφλεῖν
1182 1966 1309 1998 τινα.

251 2029 350 2096 ἐγὼ
380 2031 434 2080 δὲ
465 2034 625 2082 νεῖκος
656 2028 750 2097 οὐχ
781 2029 907 2080 ἑκὼν
936 2028 1038 2080 τόδ’
1067 2027 1277 2095 ἠράμην·

247 2112 336 2185 ᾔδη
366 2134 426 2179 γε
456 2112 538 2163 σοὶ
568 2115 661 2178 μὲν
691 2112 994 2179 αὐτανέψιος
1023 2113 1199 2180 γεγώς,

249 2201 317 2266 τῷ
350 2200 423 2266 σῷ
456 2198 509 2248 δὲ
538 2197 675 2248 παιδὶ
709 2196 956 2263 συγγενὴς
985 2195 1271 2264 Ἡρακλέει.

251 2279 368 2332 ἀλλ’
398 2279 484 2332 εἴτ’
515 2279 722 2351 ἔχρῃζον
756 2281 854 2332 εἴτε
882 2279 1137 2347 μή--θεὸς
1168 2281 1263 2346 γὰρ
1294 2279 1424 2343 ἧν-

243 2362 383 2431 ’Ήρα
412 2386 474 2429 με
507 2363 709 2429 κάμνειν
739 2362 871 2428 τήνδ’
905 2363 1051 2427 ἔθηκε
1080 2363 1169 2427 τὴν
1199 2365 1371 2417 νόσον.

252 2448 359 2501 ἐπεὶ
389 2447 431 2500 δ’
461 2449 629 2518 ἐκείνῳ
661 2446 957 2513 δυσμένειαν
987 2446 1181 2514 ἠράμην

254 2531 448 2600 κᾶγνων
478 2533 649 2600 ἀγῶνα
678 2531 809 2584 τόνδ’
841 2532 1220 2598 ἀγωνιούμενος,

252 2622 457 2669 πολλῶν
490 2616 746 2684 σοφιστὴς
776 2615 1014 2681 πημάτων
1046 2618 1315 2683 ἐγιγνόμην

1712 598 1794 644 970

1712 1020 1792 1062 975

1716 1434 1797 1485 980

1717 1952 1796 2004 985

1714 2383 1796 2426 990

1468 2735 1552 2785 969
1582 2734 1682 2782 φάος
1701 2736 1796 2777 τόδε

1439 2801 1520 2839 973
1551 2791 1616 2831 καὶ
1636 2790 1795 2842 τίφημὶ

1195 2846 1274 2895 981
1315 2843 1411 2897 Χο.]
1442 2845 1623 2884 fortasse
1653 2847 1793 2899 Ἡμιχ.

129 2899 213 2950 καὶ]
236 2900 419 2940 fortasse
439 2903 510 2941 κοῦ
626 2902 708 2950 983
738 2899 1003 2940 θωπεύσαντα
1025 2898 1058 2937 L
1074 2898 1135 2938 P:
1165 2912 1274 2939 corr.
1295 2899 1347 2951 lp
1464 2900 1546 2949 985
1575 2898 1740 2952 λέγοντ’
1764 2900 1800 2938 Ρ

130 2957 214 3007 988
242 2957 438 3012 Ἡρακλέῗ
457 2959 564 2997 LP:
595 2971 703 2997 corr.
729 2958 920 3009 Elmsley

233 3040 336 3070 EUR-
361 3041 390 3071 1.

1087 2973 1170 3010 990
1190 2959 1316 3013 “Hpa]
1337 2961 1427 3008 ἥτις
1448 2960 1689 3001 Hartmann

1552 3034 1603 3072 12
