2118 3366
820 124 1259 174 ΕΥΡΙΠΙΔΟΥ

330 256 524 318 ταῦρος,
559 253 710 323 φόβῳ
741 251 987 320 τέτρωρον
1017 254 1264 319 ἐκμαίνων
1293 255 1434 323 ὁδῶν·
1739 320 1742 323 ¹

330 338 373 388 εἰ
404 335 446 387 δ’
478 338 530 390 ἐς
560 335 743 404 πέτρας
775 335 1009 404 φέροιντο
1038 342 1301 405 μαργῶσαι
1330 335 1534 406 φρένας,
1769 357 1877 397 1230

330 421 450 491 σιγῇ
483 419 715 483 πελάζων
745 419 922 488 ἄντυγι
950 419 1207 485 ξυνείπετο

329 505 382 556 ἐς
411 503 543 555 τοῦθ’
575 504 668 557 ἕως
701 504 904 571 ἔσφηλε
936 505 1301 573 κᾶνεχαίτισεν,

330 588 490 654 ἁψῖδα
519 586 682 658 πέτρῳ
717 589 1036 655 προσβαλὼν
1066 586 1331 656 ὀχήματος.

331 671 599 739 σύμφυρτα
629 671 671 723 δ’
704 670 766 736 ἦν
798 671 1012 724 ἅπαντα·
1059 671 1295 740 σύριγγές
1324 671 1369 724 τ’
1399 671 1501 725 ἄνω

330 759 524 823 τροχῶν
555 754 751 820 ἐπήδων
787 754 981 820 ἀξόνων
1009 755 1052 807 τ’
1085 754 1319 820 ἐνήλατα.
1774 773 1877 813 1235

331 837 475 892 αὐτὸς
506 838 549 890 δ’
582 840 608 889 ὁ
638 837 845 904 τλήμων
876 840 1097 904 ἡνίαισιν
1128 840 1399 906 ἐμπλακεὶς
1467 850 1470 852 ’

331 921 517 987 δεσμὸν
548 921 923 988 δυσεξήνυστον
956 924 1155 976 ἕλκεται
1183 923 1357 983 δεθείς,

334 1005 670 1072 σποδούμενος
701 1010 793 1072 μὲν
827 1006 951 1075 πρὸς
982 1006 1184 1073 πέτραις
1215 1007 1370 1073 φίλον
1402 1006 1527 1074 κάρα

332 1090 525 1157 θραύων
555 1112 610 1143 τε
641 1090 848 1158 σάρκας,
887 1093 1026 1143 δεινὰ
1056 1091 1098 1142 δ’
1132 1089 1349 1155 ἐξαυδῶν
1380 1091 1563 1143 κλύειν·

334 1174 496 1238 Στῆτ’,
531 1171 567 1225 ῶ
600 1174 848 1242 φάτναισι
880 1181 989 1229 ταῖς
1014 1177 1155 1240 ἐμαῖς
1185 1173 1536 1242 τεθραμμέναι,
1775 1192 1882 1232 1240

333 1257 398 1323 μή
429 1258 479 1323 μ’
511 1257 823 1327 ἐξαλείψητ’·
872 1258 909 1311 ὦ
943 1259 1127 1326 πατρὸς
1158 1259 1353 1311 τάλαιν’
1385 1259 1496 1326 ἆρά.

332 1343 405 1396 τίς
435 1341 571 1409 ἄνδρ’
603 1343 810 1410 ἄριστον
845 1344 1092 1409 βούλεται
1125 1349 1291 1395 σῶσαι
1321 1344 1515 1411 παρών,·

416 1428 600 1480 πολλοὶ
631 1430 684 1479 δὲ
714 1427 1058 1493 βουληθέντες
1088 1427 1280 1497 ὑστέρῳ
1312 1428 1426 1479 ποδὶ

334 1512 687 1577 ἐλειπόμεσθα.
778 1512 853 1581 χῶ
886 1515 978 1578 μὲν
1010 1514 1064 1564 ἐκ
1095 1516 1293 1577 δεσμῶν
1321 1512 1489 1566 λυθεὶς

334 1601 528 1661 τμητῶν
560 1595 776 1661 ἱμάντων
808 1595 865 1647 οὗ
900 1595 1080 1648 κάτοιδ’
1112 1597 1208 1666 ὅτῳ
1240 1597 1405 1666 τρόπῳ
1777 1613 1882 1654 1245

335 1680 518 1739 πίπτει,
551 1680 751 1748 βραχὺν
783 1680 841 1745 δὴ
876 1683 1056 1746 βίοτον
1089 1680 1315 1746 ἐμπνέων
1345 1680 1434 1732 ἔτι·

334 1766 477 1817 ἵπποι
506 1764 547 1816 δ’
580 1765 827 1832 ἔκρυφθεν
865 1765 944 1816 καὶ
975 1764 1031 1816 τὸ
1063 1765 1309 1830 δύστηνον
1338 1763 1482 1832 τέρας

336 1848 513 1915 ταύρου
543 1850 753 1903 λεπαίας
787 1849 844 1900 οὐ
879 1848 1062 1901 κάτοιδ’
1093 1850 1209 1901 ὅποι
1238 1850 1434 1918 χθονός.

422 1937 599 1986 δοῦλος
627 1935 720 1998 μὲν
752 1934 837 1985 οὖν
872 1933 1033 2001 ἔγωγε
1067 1938 1172 1985 σῶν
1203 1934 1382 1999 δόμων,
1417 1932 1557 1999 ἄναξ,

337 2018 460 2084 ἀτὰρ
490 2018 732 2069 τοσοῦτόν
763 2017 811 2085 γ’
846 2018 902 2070 οὐ
937 2016 1216 2083 δυνήσομαί
1242 2039 1379 2077 ποτε,
1780 2032 1887 2073 1250

335 2101 424 2153 τὸν
455 2101 548 2153 σὸν
577 2100 814 2154 πιθέσθαι
838 2101 972 2154 παῖδ’
1007 2102 1140 2155 ὅπως
1171 2102 1312 2154 ἐστὶν
1345 2102 1507 2156 κακός·

339 2185 441 2238 οὐδ’
474 2187 516 2238 εἶ
546 2191 791 2253 γυναικῶν
825 2190 925 2238 πᾶν
960 2187 1258 2253 κρεμασθείη
1290 2185 1451 2253 γένος,

340 2270 419 2322 καὶ
449 2269 538 2334 τὴν
571 2272 623 2322 ἐν
647 2268 757 2343 Ἴδῃ
791 2269 1096 2338 γραμμάτων
1127 2269 1343 2335 πλήσειέ
1372 2292 1447 2324 τις

272 2400 376 2437 1230
424 2388 475 2428 ὣς
513 2387 548 2427 δ’
587 2386 627 2424 Α
799 2387 950 2442 πέτραν
988 2388 1029 2427 Α
1048 2389 1086 2428 Ο
1105 2403 1130 2428 υ
1367 2402 1471 2439 1232
1520 2388 1814 2442 κᾶναχαίτισεν
1852 2390 1888 2429 L
2115 2389 2118 2403 “

218 2455 322 2492 1233
352 2442 480 2496 πέτρᾳ
498 2441 725 2481 Wecklein
881 2456 983 2494 1234
1016 2444 1120 2483 Post
1140 2445 1255 2484 hunc
1274 2457 1446 2483 versum
1467 2444 1611 2483 deficit
1632 2443 1691 2493 M,
1713 2443 1888 2495 saepius
2111 2443 2118 2499 ζ

213 2498 342 2547 igitur
363 2497 574 2535 notandus
597 2497 635 2535 O
814 2511 918 2548 1237
951 2499 1251 2551 δυσεξήνυστον
1274 2499 1443 2539 Heath:
1473 2497 1742 2550 δυσεξήνυτον
1763 2500 1886 2540 codd.
2116 2547 2118 2555 Ι

217 2553 285 2603 (p,
312 2552 554 2603 δυσεξίωτον
573 2558 619 2591 ut
640 2554 724 2592 vid.
756 2553 806 2605 P)
988 2557 1093 2604 1238
1134 2557 1391 2606 σποδώμενος
1413 2555 1447 2593 L
1469 2553 1530 2606 (et
1552 2554 1632 2605 1³3)
1655 2567 1665 2592 ε
1705 2566 1813 2593 corr.
1842 2554 1890 2594 L²
2110 2575 2118 2578 -

214 2606 362 2661 πέτρας
381 2607 420 2645 V
436 2607 469 2645 L
482 2606 516 2645 P
530 2606 569 2644 N
741 2622 847 2659 1239
875 2627 922 2651 τε
943 2609 1137 2660 Elmsley
1156 2624 1166 2650 :
1195 2609 1240 2651 δὲ
1261 2610 1382 2649 codd.
1498 2608 1627 2663 σάρκα
1641 2610 1681 2648 V
1700 2624 1709 2649 :
1738 2622 1844 2649 corr.
1862 2623 1892 2649 v
2106 2636 2110 2651 ι

207 2668 324 2710 ’1240
352 2661 599 2715 τεθραυμένα
617 2663 685 2703 V:
717 2677 825 2704 corr.
853 2678 878 2703 v
1094 2677 1196 2715 1245
1227 2666 1308 2716 ὅτῳ
1328 2669 1386 2717 τῷ
1406 2663 1541 2715 τρόπῳ
1564 2665 1598 2703 L
1621 2665 1683 2714 (οὐ
1704 2668 1892 2706 κατεῖδον
1936 2714 1945 2722 ¹

217 2715 491 2767 §Wecklein
513 2732 569 2757 ex
594 2719 738 2758 Haun.
765 2720 916 2761 κατεῖδ’
935 2733 943 2759 :
975 2720 1116 2759 malim
1139 2719 1271 2762 οὐκέτ’
1292 2721 1398 2761 εἶδον
1419 2718 1466 2771 ᾧ)
1619 2720 1725 2768 1246
1754 2719 1823 2771 δὴ]
1845 2718 1890 2760 δὲ

218 2772 277 2809 L:
309 2785 388 2811 om.
408 2772 443 2811 B
460 2772 494 2810 P
511 2775 580 2823 (δὴ
597 2773 670 2824 B2)
787 2787 889 2824 1247
920 2773 1039 2825 τέρας
1054 2775 1187 2814 AVN
1204 2776 1268 2815 O:
1300 2773 1401 2827 κάρα
1418 2773 1499 2812 LP
1515 2773 1550 2812 B
1666 2774 1771 2823 1248
1801 2774 1890 2815 ὅποι

218 2826 257 2865 Ο
288 2832 332 2866 et
366 2827 548 2868 fortasse
581 2829 615 2868 L
646 2834 689 2868 et
720 2828 786 2868 B:
830 2830 909 2878 ὅπη
938 2830 1006 2869 V:
1051 2831 1151 2871 ὅπου
1179 2829 1219 2869 Α
1249 2834 1293 2868 et
1325 2828 1359 2867 L
1386 2834 1459 2868 aut
1490 2827 1675 2868 L²ND:
1721 2829 1826 2870 ὅπως
1856 2828 1891 2867 Ρ

221 2893 328 2931 1250
363 2883 405 2935 γ’
436 2882 608 2924 ABO:
651 2897 797 2923 rasura
826 2884 868 2922 in
905 2884 960 2923 L:
1002 2897 1084 2923 om.
1118 2883 1258 2923 VPN
1476 2895 1576 2933 1251
1617 2884 1667 2925 τὸ
1697 2884 1773 2925 σὺν
1800 2881 1891 2922 ΑΒ

222 2948 336 2990 1253,
366 2949 469 2988 1254
498 2939 572 2980 τὰς
594 2968 603 2978 .
626 2969 635 2978 .
661 2968 671 2977 .
696 2937 843 2980 πεύκας
865 2938 917 2977 B2
938 2952 994 2977 ex
1014 2944 1045 2983 Σ
1064 2939 1118 2980 τὰ
1138 2938 1240 2991 ξύλα
