2118 3366
939 139 1377 190 ΕΥΡΙΠΓΔΟΤ

439 265 602 325 τέκνα,
634 264 702 330 μή
731 287 781 318 τι
809 264 990 332 πάθηθ’
1022 267 1088 322 ὡς
1116 270 1394 336 ὑπεραλγῶ.
1449 268 1496 318 15²-
1597 283 1605 302 ³
1651 272 1696 341 ’,αξ
1739 285 1751 309 .·
1780 290 1788 299 ’
1861 287 1866 298 ’
1901 293 1904 303 ·
1952 293 1958 300 ·

439 351 576 401 δεινὰ
604 348 854 417 τυράννων
883 348 1083 415 λήματα
1114 354 1197 404 καί
1221 374 1324 406 πως
1856 408 1858 410 ,

439 431 570 499 ὀλίγ’
600 433 883 501 ἀρχόμενοι,
918 437 1088 486 πολλὰ
1118 439 1418 502 κρατοῦντες
1555 444 1578 465 ·’
1628 489 1630 491 ,
1906 456 1986 485 120

441 521 678 584 χαλεπῶς
708 517 858 584 ὀργὰς
889 517 1318 584 μεταβάλλουσιν.

439 598 496 650 τὸ
525 601 620 666 γὰρ
651 600 867 652 εἰθίσθαι
901 601 995 665 ζῆν’
1016 602 1093 655 ἐπ’
1122 605 1322 655 ἵσοισιν

443 687 694 749 κρεῖσσον·
741 685 849 750 ἐμοὶ
879 690 997 751 γοῦν
1029 687 1083 737 ἐν
1110 686 1177 752 μὴ
1206 685 1445 754 μεγάλοις

441 767 631 835 ὀχυρῶς
659 766 706 833 γ’
736 769 812 832 εἴη
845 768 1257 836 καταγηράσκειν.

441 855 540 902 τῶν
569 852 664 917 γὰρ
692 851 904 918 μετρίων
934 858 1102 919 πρῶτα
1130 855 1221 918 μὲν
1252 855 1408 906 εἰπεῖν
1644 906 1646 908 ,
1688 887 1691 890 <
1782 866 1807 909 ,ζ-
1910 872 1986 912 125

440 934 656 999 τοῦνομα
685 941 810 1005 νικᾷ,
844 937 1070 1003 χρῆσθαί
1095 959 1149 989 τε
1177 943 1344 1007 μακρῷ

443 1021 618 1086 λῷστα
647 1022 928 1082 βροτοῖσιν·
977 1020 1038 1069 τὰ
1067 1019 1109 1069 δ’
1139 1021 1512 1086 ὑπερβάλλοντ’
1538 1056 1541 1059 ,

442 1098 618 1152 οὐδένα
650 1100 816 1168 καιρὸν
847 1101 1048 1153 δύναται
1079 1105 1290 1167 θνητοῖς·

440 1184 632 1249 μείζους
665 1183 706 1236 δ’
737 1184 872 1245 ἄτας,
906 1187 1026 1238 ὅταν
1056 1187 1269 1260 ὀργισθῇ

525 1269 712 1334 δαίμων
742 1271 909 1329 οἴκοις,
942 1269 1218 1324 ἀπέδωκεν..
1486 1279 1494 1304 ²
1583 1278 1594 1305 ἵ
1911 1292 1988 1332 130

322 1375 526 1413 ΧοΡοΣ
1408 1364 1410 1367 ⁴
1802 1362 1804 1364 “

444 1450 620 1502 ἔκλυον
652 1450 841 1518 φωνάν,
875 1451 1051 1511 ἔκλυον
1081 1455 1133 1505 δὲ
1163 1455 1295 1519 βοὰν

443 1538 529 1588 τᾶς
560 1534 803 1587 δυστάνου
836 1538 1101 1605 Κολχίδος,
1134 1535 1246 1590 οὐδέ
1275 1560 1352 1591 πω

523 1640 683 1683 ηπιος·
730 1620 847 1671 ἀλλ’
878 1618 916 1671 ὠ
948 1620 1142 1688 γηραιά,

442 1701 609 1767 λέξον·
659 1704 735 1755 ἐπ’
766 1705 1054 1771 ἀμφιπύλου
1086 1727 1180 1773 γαρ
1212 1705 1312 1758 ἔσω
1347 1704 1595 1774 μελάθρου
1626 1709 1758 1773 βοὰν
1877 1704 1984 1765 Δ’135

443 1786 635 1839 ἔκλυον·
683 1787 795 1841 οὐδὲ
826 1787 1114 1855 συνήδομαι,
1149 1787 1186 1840 ὦ
1216 1791 1376 1857 γύναι,
1410 1790 1622 1858 ἄλγεσιν
1842 1814 1844 1816 ·

442 1872 684 1936 δώματος·
728 1873 844 1924 ἐπεί
866 1895 952 1940 μοι
980 1875 1134 1942 φίλον
1165 1873 1443 1941 κέκρανται.

316 1955 406 2021 Τρ.
444 1953 529 2004 οὐκ
561 1954 660 2006 εἰσὶ
692 1954 847 2019 δόμοι·
897 1959 1088 2022 φροῦδα
1116 1955 1221 2008 τάδ’
1250 1956 1359 2022 ἤδη.

443 2037 530 2090 τὸν
559 2040 652 2103 μὲν
682 2040 777 2105 γὰρ
806 2038 913 2107 ἔχει
943 2038 1127 2106 λέκτρα
1156 2039 1423 2108 τυράννων,
1909 2062 1987 2101 140

444 2122 474 2173 ἂ
504 2121 545 2173 δ’
578 2123 630 2173 ἐν
660 2121 901 2187 θαλάμοις
930 2122 1067 2175 τάκει
1094 2126 1274 2190 βιοτὰν

443 2205 700 2266 δέσποινα,
734 2206 899 2274 φίλων
930 2207 1127 2262 οὐδενὸς
1158 2208 1299 2262 οὐδὲν

377 2336 450 2363 121
491 2323 706 2375 χαλεπῶς]
733 2325 922 2377 χαλεπὰς
954 2324 1098 2365 Naber
1266 2339 1342 2377 123
1383 2327 1470 2378 ἐμοὶ
1497 2330 1599 2379 γοῦν
1629 2315 1779 2368 Nauck
1807 2327 1869 2380 (et
1896 2327 1986 2381 D):

320 2378 450 2431 ἔμοιγ’
474 2378 550 2447 οὖν
588 2380 726 2419 codd.
748 2385 791 2418 et
829 2384 860 2422 Σ
1010 2383 1055 2422 ἐν
1086 2381 1141 2431 μὴ
1174 2381 1370 2434 μεγάλοις
1405 2380 1643 2422 Mikkelsen
1685 2383 1756 2433 (cf.
1793 2387 1852 2427 Σε
1895 2383 1986 2425 ἀντὶ

313 2435 408 2481 τοῦ
448 2434 485 2475 εἶ
494 2430 567 2484 μὴ
595 2433 759 2488 μεγάλῃ
790 2435 854 2475 καὶ
895 2434 1212 2506 ὑπερβαλλούσῃ
1246 2436 1427 2491 εὐτυχίᾳ,
1460 2436 1529 2475 ubi
1560 2431 1788 2487 legendum
1817 2438 1987 2478 videtur

320 2490 377 2529 ἐν
393 2500 492 2538 pro
520 2490 603 2539 εἰ).
642 2490 679 2529 εἷ
714 2490 770 2543 μὴ
807 2488 998 2542 μεγάλως
1037 2490 1158 2530 codd.
1195 2497 1239 2530 et
1272 2496 1303 2534 Σ
1526 2504 1602 2541 124
1639 2492 1681 2544 γ’
1717 2491 1912 2534 Reiske·
1943 2491 1984 2533 τ’

319 2541 439 2581 codd.
638 2545 714 2582 128
753 2557 792 2584 v.
827 2550 1071 2595 suspectus.
1136 2544 1299 2585 Habuit
1339 2551 1370 2588 Σ
1498 2545 1663 2587 δύναται
1703 2545 1863 2595 θιίητοΐς
1901 2547 1983 2587 del.

317 2596 486 2636 Verrall
662 2598 842 2651 θνητοῖς]
864 2603 1027 2652 βροτοῖς
1046 2600 1086 2639 V
1309 2613 1387 2649 13ο
1416 2600 1605 2646 οἵκοιςἹ”
1583 2617 1719 2653 ογκοις
1741 2601 1982 2650 Housman,

319 2650 369 2690 cl.
391 2651 439 2691 fr.
461 2652 607 2702 adesp.
633 2664 712 2703 547
937 2667 1013 2705 133
1040 2655 1189 2708 γηραιά
1207 2655 1283 2694 V..
1281 2654 1444 2709 γεραιοί
1461 2655 1501 2694 Α
1519 2654 1554 2693 Β
1571 2655 1604 2693 L
1622 2655 1656 2694 P
1678 2654 1822 2708 (ἄλλά,
1842 2633 1986 2711 γεραιά

322 2705 563 2754 Hermann)
754 2720 829 2758 135
870 2709 973 2756 βοὰν
1007 2710 1262 2753 VBLP2:
1298 2711 1438 2761 μολὼν
1468 2709 1537 2749 A.
1573 2712 1675 2762 γόον
1705 2710 1900 2762 Elmsley
1930 2710 1985 2750 ob

319 2766 512 2811 mettum,
532 2767 577 2801 ut
591 2763 768 2813 putabat
925 2764 1001 2814 136
1029 2764 1155 2804 ὦοῐη.
1174 2763 1264 2804 Pl:
1297 2764 1632 2815 Lnonlegibilis
1789 2766 1867 2815 138
1897 2764 1986 2806 ἐπεί

312 2831 383 2865 μοι
403 2816 442 2854 V
459 2817 493 2855 B
501 2794 544 2856 L
562 2818 625 2856 Ρ·
655 2816 746 2858 εἶπέ
770 2833 837 2869 μοι
857 2816 925 2856 A:
956 2819 1042 2858 ἐπεὶ
1071 2819 1126 2869 μὴ
1147 2818 1221 2858 vl:
1254 2818 1439 2857 fortasse
1457 2818 1546 2859 εἰπέ
1568 2835 1651 2869 μοι
1664 2821 1704 2860 εἴ
1724 2836 1766 2860 τι
1789 2824 1846 2871 μὴ
1869 2818 1930 2872 (εἴ
1944 2835 1985 2862 τι

313 2872 368 2923 μὴ
390 2872 601 2922 Badham)
715 2873 837 2924 φίλον
856 2874 1070 2941 κέκρανται
1091 2872 1207 2913 codd.
1231 2879 1276 2913 et
1295 2877 1341 2920 Σ,
1361 2873 1414 2913 cf.
1439 2873 1490 2913 fr.
1513 2883 1566 2923 52
1581 2872 1642 2913 N:
1671 2873 1775 2925 φίλα
1794 2874 1984 2931 κέκραται

313 2926 341 2975 l,
362 2939 447 2976 quo
468 2928 674 2978 deceptus
695 2927 814 2979 φιλία
833 2926 1022 2981 κέκραται
1045 2928 1209 2967 Porson
1333 2939 1411 2977 140
1439 2927 1513 2969 τὸν
1534 2927 1785 2978 Musgrave·
1775 2959 1784 2970 .
1816 2932 1838 2970 ὁ
1858 2928 1979 2970 codd.

317 2981 468 3034 λέκτρα
487 2981 577 3021 AV
590 2982 652 3021 B:
685 2985 797 3032 δῶμα
818 2981 852 3020 L
867 2981 900 3020 P
1069 2994 1141 3032 141
1175 2981 1201 3023 ἃ
1219 2980 1254 3023 δ’
1259 2981 1317 3035 ]‘
1298 2998 1324 3032 η
1344 2981 1381 3023 δ’
1403 2982 1527 3023 codd.
1643 2982 1758 3032 τήκει
1779 2982 1819 3022 Α
