2118 3366
792 118 894 166 ΑΝ
910 117 1295 166 ΔΡΟΜΑΧΗ

428 247 533 300 ἰδοὺ
563 247 817 314 προλείπω
846 244 1022 312 βωμὸν
1051 245 1140 309 ἥδε
1167 245 1333 313 χειρία

345 330 560 398 σφάζειν
590 330 839 398 φονεύειν,
870 332 989 387 δεῖν,
1023 330 1309 395 ἀπαρτῆσαι
1339 326 1502 393 δέρην.

346 411 387 465 ὦ
414 414 603 473 τέκνον,
636 414 668 479 ἡ
696 411 909 465 τεκοῦσά
940 412 1006 471 σ’,
1040 412 1106 465 ὡς
1136 411 1200 462 σὺ
1228 410 1295 476 μὴ
1327 409 1496 481 θάνῃς,

346 499 534 566 στείχω
562 497 685 564 πρὸς
705 495 900 561 “Αιδην·
945 491 1006 560 ἢν
1037 495 1079 546 δ’
1109 493 1423 565 ὑπεκδράμῃς
1451 494 1621 560 μόρον,

343 581 570 647 μέμνησο
598 581 797 647 μητρός,
830 581 911 631 οἷα
938 578 1088 631 τλᾶσ’
1118 579 1407 643 ἀπωλόμην,
1802 590 1883 631 415

347 666 428 717 καὶ
455 665 603 733 πατρὶ
632 669 699 734 τῷ
731 668 805 734 σῷ
835 665 917 716 διὰ
949 661 1247 730 φιλημάτων
1277 662 1365 713 ἰὼν

345 748 531 815 δάκρυά
558 770 613 801 τε
640 750 833 814 λείβων
864 748 943 800 καὶ
974 747 1330 814 περιπτύσσων
1358 744 1511 813 χέρας

345 832 454 900 λέγ’
487 832 556 884 οῖ’
589 830 792 899 ἔπραξα.
882 835 1008 883 πᾶσι
1038 830 1079 882 δ’
1111 830 1388 897 ἀνθρώποις
1418 828 1493 895 ἄρ’
1525 827 1587 893 ἣν

344 915 487 984 ψυχὴ
518 915 667 968 τέκν’·
711 917 853 970 ὅστις
885 915 926 966 δ’
957 914 1061 966 αὔτ’
1092 913 1291 981 ἄπειρος
1322 911 1390 966 ὢν
1418 912 1588 980 ψέγει,

345 999 511 1065 ἧσσον
538 1003 630 1066 μὲν
661 1001 822 1067 ἀλγεῖ,
857 1003 1119 1066 δυστυχῶν
1150 997 1193 1049 δ’
1225 998 1519 1063 εὐδαιμονεῖ.
1804 1011 1887 1051 420

219 1087 313 1135 Xo-
347 1081 506 1154 ᾤκτιρ’
539 1083 800 1138 ἀκούσασ’·
847 1084 1017 1151 οἰκτρὰ
1046 1084 1141 1150 γὰρ
1171 1084 1233 1133 τὰ
1262 1084 1483 1149 δυστυχῆ

344 1172 549 1236 βροτοῖς
578 1167 751 1228 ἅπασι,
788 1167 878 1220 κᾶν
909 1171 1107 1234 θυραῖος
1137 1165 1205 1218 ὢν
1236 1173 1370 1239 κυρῇ.

347 1254 417 1307 εἰς
447 1250 703 1318 ξύμβασιν
734 1254 787 1304 δὲ
817 1255 946 1321 χρῆν
977 1273 1039 1303 σε
1068 1254 1220 1303 παῖδα
1252 1249 1350 1314 σὴν
1380 1248 1537 1317 ἄγειν,

347 1335 595 1397 Μενέλαε,
629 1336 708 1388 καὶ
738 1334 888 1400 τήνδ’,
924 1336 989 1389 ὡς
1020 1337 1329 1407 ἀπαλλαχθῇ
1358 1335 1540 1386 πόνων.

221 1423 320 1472 Με.
344 1419 576 1486 λάβεσθέ
603 1442 688 1486 μοι
717 1419 877 1485 τῆσδ’,
909 1417 1279 1487 ἀμφελίξαντες
1308 1417 1475 1486 χέρας,
1802 1430 1885 1472 425

344 1509 518 1570 δμῶες·
564 1506 748 1572 λόγους
777 1506 873 1572 γὰρ
902 1504 959 1555 οὗ
989 1505 1170 1571 φίλους
1200 1502 1479 1554 ἀκούσεται.

346 1589 444 1656 ἐγώ
477 1588 542 1648 σ’,
575 1589 638 1640 ἵν’
668 1589 823 1656 ἁγνὸν
852 1587 1028 1655 βωμὸν
1060 1588 1283 1640 ἐκλίποις
1312 1589 1443 1645 θεᾶς,

346 1673 611 1740 προύτεινα
640 1672 815 1726 παιδὸς
846 1671 1076 1731 θάνατον,
1110 1669 1147 1742 ᾧ
1185 1670 1233 1721 σ’
1262 1669 1521 1737 ὑπήγαγον

346 1759 416 1811 εἷς
445 1761 616 1826 χεῖρας
648 1760 813 1809 ἐλθεῖν
843 1758 932 1811 τὰς
961 1758 1081 1822 ἐμὰς
1113 1755 1195 1807 ἐπὶ
1226 1754 1450 1821 σφαγήν.

348 1842 427 1893 καὶ
457 1842 619 1908 τάμφὶ
650 1846 743 1912 σοῦ
772 1844 866 1906 μὲν
894 1839 978 1892 ὧδ’
1009 1839 1173 1907 ἔχοντ’
1205 1840 1469 1890 ἐπίστασο·
1809 1853 1889 1891 430

345 1927 407 1977 τᾶ
437 1925 479 1976 δ’
511 1926 641 1992 ἀμφὶ
670 1924 845 1978 παιδὸς
875 1927 1018 1976 τοῦδε
1046 1929 1162 1976 παῖς
1192 1922 1282 1988 ε’μὴ
1316 1927 1483 1989 κρινεῖ,

346 2009 408 2074 ἤν
437 2031 493 2061 τε
523 2013 717 2060 κτανεῖν
748 2030 825 2061 νιν
856 2008 917 2073 ἥν
946 2029 1001 2060 τε
1029 2007 1096 2073 μὴ
1130 2011 1324 2058 κτανεῖν
1354 2005 1493 2076 θέλῃ.

347 2092 464 2145 ἀλλ’
495 2092 602 2160 ἕρπ’
633 2095 684 2146 ἐς
714 2094 875 2146 οἴκους
905 2091 1092 2149 τούσδ’,
1125 2090 1188 2143 ἵν’
1221 2092 1290 2143 εἷς
1319 2087 1606 2156 ἐλευθέρους

347 2177 498 2242 δούλη
529 2182 735 2244 γεγῶσα
765 2175 946 2242 μήποθ’
976 2175 1197 2242 ὑβρίζειν
1226 2173 1402 2245 μάθῃς.

222 2265 312 2314 Αν.
346 2263 492 2326 οἵμοι·
540 2262 671 2331 δόλῳ
701 2260 752 2326 μ’
785 2262 1019 2325 ὑπῆλθες,
1052 2257 1360 2323 ἠπατήμεθα.
1806 2271 1886 2311 435

223 2349 322 2398 Με.
347 2343 556 2412 κήρυσσ’
586 2344 793 2397 ἅπασιν·
840 2344 897 2395 οὐ
927 2345 1023 2411 γὰρ
1054 2341 1402 2409 ἐξαρνούμεθα.

222 2433 313 2481 Αν.
345 2427 377 2493 ἦ
406 2429 542 2480 ταῦτ’
575 2431 629 2481 ἐν
659 2431 774 2494 ὑμῖν
804 2434 908 2481 τοῖς
938 2426 1051 2494 παρ’
1083 2426 1291 2495 Εὐρώτᾳ
1321 2424 1486 2492 σοφά;

223 2517 320 2566 Με.
349 2514 428 2565 καὶ
457 2519 562 2567 τοῖς
592 2535 652 2581 γε
679 2514 851 2581 Τροίᾳ,
885 2512 999 2565 τοὺς
1029 2511 1279 2563 παθόντας
1310 2511 1558 2575 ἀντιδρᾶν.

277 2643 358 2681 414
385 2629 529 2685 μόρον]
550 2629 672 2682 μόνος
696 2630 729 2669 L
907 2641 987 2677 419
1015 2625 1134 2679 ψέγει
1156 2625 1198 2664 Μ
1213 2625 1353 2664 AVB
1369 2624 1403 2663 P
1419 2629 1449 2667 Σ
1467 2638 1476 2662 :
1506 2621 1623 2676 λέγει
1646 2622 1680 2661 L
1700 2627 1742 2661 et
1764 2622 1882 2661 Stob.

223 2686 287 2735 76.
313 2698 339 2734 3
539 2697 620 2734 423
647 2689 772 2726 παῖδα
791 2684 870 2732 σὴν
894 2682 1123 2721 Kirchhoff
1135 2695 1144 2721 ι
1177 2682 1256 2730 σὴν
1275 2681 1382 2721 παῖδ’
1407 2679 1449 2717 Μ
1463 2678 1502 2717 V
1519 2678 1552 2716 L
1571 2692 1581 2716 z
1611 2676 1690 2725 σήν
1707 2693 1760 2728 γε
1780 2675 1887 2717 παῖδ’

221 2740 290 2779 A:
333 2741 399 2781 καὶ
433 2740 512 2789 σὺν
545 2738 650 2780 παῖδ’
683 2740 745 2778 P:
785 2738 863 2787 σὴν
896 2736 1004 2778 παῖδ’
1036 2734 1194 2788 ἐξάγειν
1225 2735 1339 2774 BO:
1381 2734 1460 2782 σήν
1487 2750 1535 2773 τε
1564 2732 1672 2772 παῖδ’
1698 2730 1889 2781 Elmsley

222 2796 305 2843 426
334 2797 406 2835 οὐκ
426 2795 489 2835 ἆκ.
514 2794 603 2845 φίλ.
631 2794 665 2833 Β
682 2794 734 2845 O,
758 2797 936 2843 propter
956 2796 1180 2830 accentum
1367 2800 1446 2837 427
1487 2785 1610 2840 ἔγωγ’
1633 2785 1805 2825 Lobeck
1825 2789 1890 2831 (et

141 2891 145 2896 ,
220 2848 306 2901 W).
363 2848 564 2888 Fortasse
586 2850 698 2890 εἰδὼς
851 2846 1032 2887 ἐκλίποις
1053 2843 1228 2883 Brunck
1247 2858 1256 2883 :
1286 2843 1457 2891 ἐκλίπης
1471 2841 1510 2880 V
1524 2841 1559 2879 L
1575 2841 1609 2879 P
1624 2840 1788 2890 (ἐλίπης
1802 2839 1858 2893 V)
1877 2870 1889 2910 ;

223 2903 393 2957 ἐκλείπῃ
438 2903 480 2941 Μ
497 2903 559 2944 B:
610 2903 757 2957 ἐκλίπῃ
801 2902 841 2940 Α
855 2901 908 2950 Ο,
950 2912 1034 2950 quo
1083 2904 1259 2949 recepto
1307 2897 1538 2946 legendum
1583 2895 1695 2934 soret
1742 2894 1775 2947 ᾧ
1817 2903 1876 2947 σφ

222 2970 303 3008 432
332 2975 395 2999 νιν
413 2971 496 2997 om.
519 2957 562 2997 M
577 2957 613 2996 B
627 2957 666 2997 Ο
776 2958 832 3008 μὴ
853 2958 1017 2997 κτανεῖν
1034 2954 1067 2992 L
1078 2953 1153 2992 V²t
1183 2956 1337 2994 κτεῖναι
1359 2951 1393 2991 Ρ
1407 2965 1416 2992 :
1446 2950 1621 2991 κτείνειν
1637 2949 1679 2989 Μ
1693 2949 1735 2989 Α
1746 2949 1786 2988 V
1798 2948 1834 2987 B
1849 2948 1889 2987 O

225 3025 303 3064 434
331 3012 471 3065 μηκέθ’
492 3013 625 3064 Paley
774 3013 855 3062 438
882 3028 933 3064 γε
953 3010 971 3048 l
989 3010 1057 3063 (τε
1079 3009 1131 3061 L)
1151 3022 1160 3047 :
1189 3007 1229 3061 γ’
1252 3011 1296 3048 ἐν
1316 3007 1350 3045 Ρ
1364 3005 1402 3044 Ο
1421 3019 1430 3045 :
1458 3004 1497 3046 τ’
1520 3008 1564 3046 ἐν
1582 3003 1722 3044 AVB
1741 3018 1749 3044 :
1781 3005 1826 3045 ἐν
1846 3001 1889 3041 Μ
