2118 3366
886 150 1328 199 ΕΥΡΙΠΙΔΟΥ

396 279 440 331 εἰ
467 277 534 344 μὴ
564 284 801 346 γυναῖκας
832 279 1102 347 σώφρονας
1131 280 1411 342 παιδεύετε,·

395 360 613 426 Ἑλένην
644 362 846 429 ἐρέσθαι
875 366 1003 432 χρῆν
1029 361 1156 423 τάδ’,
1188 363 1294 428 ἥτις
1323 366 1378 415 ἐκ
1408 364 1572 430 δόμων

395 444 484 497 τὸν
514 444 606 498 σὸν
635 451 856 498 λιποῦσα
886 448 1070 499 Φίλιον
1098 446 1384 513 ἐξεκῶμασε

394 531 590 582 νεανίου
616 530 722 595 μετ’
751 529 927 597 ἀνδρὸς
957 533 1028 585 εἷς
1056 530 1220 596 ἄλλην
1249 532 1425 600 χθόνα.
1752 555 1760 574 1

400 611 586 665 κᾶπειτ’
617 615 806 679 ἐκείνης
837 613 1001 683 οὕνεχ’
1031 613 1293 679 Ἑλλήνων
1324 616 1484 683 ὄχλον
1856 621 1941 672 605

397 697 597 749 τοσόνδ’
629 698 868 763 ἀθροίσας
898 697 1084 765 ἤγαγες
1114 698 1236 765 πρὸς
1259 696 1444 759 Ἵλιονς

396 779 458 845 ἢν
488 784 616 850 χρῆν
647 781 696 832 σ’
728 782 1087 834 ἀποπτύσαντα
1115 782 1181 848 μὴ
1214 788 1364 834 κινεῖν
1394 783 1526 849 δόρυ,

400 864 554 929 κακὴν
587 866 858 932 ἐφευρόντ’,
893 866 1008 917 ἀλλ’
1042 868 1128 918 ἐᾶν
1158 866 1306 918 αὐτοῦ
1335 866 1503 932 μένειν

395 950 580 1014 μισθόν
609 970 665 1002 τε
695 950 844 1001 δόντα
871 949 1052 1015 μήποτ’
1084 952 1154 1004 εἷς
1184 952 1346 1004 οἴκους
1375 955 1576 1016 λαβεῖν.

397 1032 514 1084 ἀλλ’
546 1033 652 1085 οὔτι
681 1034 833 1105 ταύτῃ
867 1033 962 1086 σὸν
993 1034 1206 1101 φρόνημ’
1240 1035 1525 1101 ἐπούρισας,
1859 1039 1941 1081 610

394 1118 567 1186 ψυχὰς
598 1119 652 1169 δὲ
682 1120 879 1172 πολλᾶς
909 1119 1129 1186 κᾶγαθᾶς
1160 1119 1446 1178 ἀπώλεσας,

397 1202 587 1253 παίδων
616 1201 659 1252 τ’
689 1201 899 1256 ἄπαιδας
928 1207 1078 1270 γραῦς
1109 1203 1287 1268 ἔθηκας
1320 1205 1373 1255 ἐν
1403 1204 1586 1268 δόμοις,

398 1286 603 1339 πολιούς
632 1285 674 1336 τ’
706 1287 919 1353 ἀφείλου
951 1285 1167 1353 πατέρας
1197 1287 1371 1354 εὐγενῆ
1402 1286 1567 1340 τέκνα.

397 1370 466 1421 ὧν
497 1371 567 1423 εἷς
600 1372 698 1436 ἐγὼ
729 1370 987 1435 δύστηνος·
1034 1370 1275 1436 αὐθέντην
1306 1373 1359 1422 δὲ
1392 1374 1453 1423 σὲ

394 1452 623 1520 μιάστορ’
654 1454 719 1507 ὥς
749 1454 840 1506 τιν’
873 1454 1143 1521 εἶσδέδορκ’
1175 1453 1471 1522 Ἀχιλλέως.
1860 1460 1940 1508 615

395 1535 450 1590 ὃς
480 1537 592 1590 οὐδὲ
622 1540 825 1604 τρωθεὶς
855 1537 1007 1602 ἧλθες
1037 1541 1091 1590 ἐκ
1121 1541 1305 1605 Τροίας
1334 1541 1502 1604 μόνος,

397 1619 646 1673 κάλλιστα
674 1622 827 1690 τεύχη
860 1622 903 1673 δ’
937 1625 990 1674 ἐν
1024 1627 1223 1674 καλοῖσι
1254 1622 1513 1690 σάγμασιν

395 1705 523 1770 ὅμοι’
555 1707 718 1758 ἐκεῖσε
749 1707 892 1773 δεῦρό
920 1706 963 1757 τ’
994 1706 1180 1774 ἤγαγες
1210 1705 1381 1759 πάλιν.

396 1789 529 1856 κάγὼ
558 1792 650 1855 μὲν
681 1791 842 1855 ηὔδων
873 1795 940 1860 τῷ
971 1795 1209 1858 γαμοῦντι
1238 1790 1363 1856 μήτε
1395 1792 1478 1843 σοὶ

396 1876 542 1937 κῆδος
574 1873 790 1941 ξυνάψαι
820 1873 947 1939 μήτε
977 1875 1201 1941 δώμασιν
1230 1880 1414 1941 λαβεῖν
1859 1880 1940 1921 620

395 1961 543 2022 κακῆς
573 1958 803 2025 γυναικὸς
833 1963 1019 2011 πῶλον·
1066 1958 1338 2026 ἐκφέρουσι
1366 1962 1463 2027 γὰρ

392 2041 575 2111 μητρῷ’
605 2043 784 2107 ὀνείδη.
872 2047 1016 2094 τοῦτο
1049 2044 1127 2094 καὶ
1160 2043 1395 2096 σκοπεῖτέ
1424 2065 1523 2108 μοι,

394 2129 691 2192 μνηστῆρες,
727 2129 912 2191 ἐσθλῆς
944 2126 1170 2194 θυγατέρ’
1203 2130 1256 2179 ἐκ
1285 2127 1469 2194 μητρὸς
1497 2132 1698 2193 λαβεῖν.

395 2209 516 2276 πρὸς
545 2214 716 2262 τοῖσδε
745 2210 787 2262 δ’
819 2213 888 2264 εἰς
918 2211 1143 2279 ἀδελφὸν
1173 2211 1242 2263 οῖ’
1274 2212 1574 2279 ἐφύβρισας,
1659 2283 1661 2285 V

395 2292 591 2360 σφάξαι
622 2294 862 2349 κελεύσας
893 2294 1117 2362 θυγατέρ’
1148 2294 1476 2361 εὐηθέστατα,·
1857 2300 1937 2352 625

394 2379 549 2431 οὕτως
579 2378 777 2433 ἔδεισας
806 2378 872 2444 μὴ
905 2380 962 2431 οὐ
995 2379 1149 2444 κακὴν
1179 2378 1383 2447 δάμαρτ’
1415 2379 1550 2451 ἔχῃς.

393 2462 524 2513 ἑλὼν
555 2464 608 2514 δὲ
637 2462 1000 2530 Τροίαν-εἶμι
1030 2466 1126 2530 γὰρ
1158 2462 1407 2516 κάνταῦθά
1437 2485 1595 2515 σοι-

391 2546 478 2597 οὐκ
510 2545 708 2600 ἔκτανες
739 2552 947 2614 γυναῖκα
977 2548 1171 2616 χειρίαν
1199 2548 1394 2613 λαβών,

392 2629 526 2688 ἀλλ’,
563 2629 628 2684 ὡς
659 2632 850 2685 ἐσεῖδες
879 2632 1091 2696 μαστόν,
1127 2632 1360 2698 ἐκβαλὼν
1389 2629 1537 2698 ξίφος

315 2748 397 2785 602
428 2745 550 2798 δόμον
569 2747 610 2786 Μ
751 2750 833 2799 603
862 2750 910 2790 τὸ
927 2750 1002 2791 σὺν
1017 2750 1056 2788 V
1073 2750 1164 2800 (τὸν
1178 2750 1252 2802 V2)
1272 2763 1282 2789 z
1312 2756 1540 2800 utrumque
1557 2749 1593 2788 B
1610 2754 1653 2788 et
1667 2754 1699 2792 Σ
1811 2749 1936 2802 φίλον

266 2800 307 2838 Μ
320 2800 374 2839 V²
547 2803 632 2842 606
661 2804 837 2855 ἀθρήσας
857 2802 898 2842 Α
919 2809 963 2843 et
982 2818 1038 2844 ex
1059 2805 1246 2858 ἀθροίσας
1266 2805 1421 2844 factum
1444 2805 1478 2843 L
1658 2805 1740 2854 609
1769 2804 1878 2845 οἶκον
1899 2804 1935 2842 L

261 2856 453 2905 619-623
482 2856 655 2896 damnat
670 2857 964 2898 Wilamowitz
1075 2861 1155 2908 625
1178 2859 1450 2909 εὐηθέστατον
1471 2859 1622 2899 Nauck
1733 2859 1816 2897 626
1836 2858 1936 2911 ἔχῃς

262 2909 366 2953 Ι,Σε
405 2910 515 2962 ἔχεις
541 2911 633 2950 rell.
665 2917 697 2956 Σ
722 2912 831 2952 alter
996 2915 1079 2964 629
1119 2915 1170 2955 σὺ
1199 2915 1233 2956 δ’
1264 2916 1315 2958 ὡς
1346 2913 1496 2955 Galen.
1524 2928 1564 2955 V.
1596 2927 1636 2965 p.
1671 2924 1764 2964 405,
1798 2913 1932 2952 Clem.

262 2963 420 3004 Strom.
443 2965 483 3006 ii.
510 2979 551 3016 p.
577 2978 652 3016 175
