<?xml version="1.0" encoding="UTF-8"?>
<!DOCTYPE html PUBLIC "-//W3C//DTD XHTML 1.0 Transitional//EN"
    "http://www.w3.org/TR/xhtml1/DTD/xhtml1-transitional.dtd">
<html xmlns="http://www.w3.org/1999/xhtml" xml:lang="en" lang="en">
 <head>
  <title>
</title>
<meta http-equiv="Content-Type" content="text/html;charset=utf-8" />
  <meta name='ocr-system' content='tesseract 3.04.00' />
  <meta name='ocr-capabilities' content='ocr_page ocr_carea ocr_par ocr_line ocrx_word'/>
</head>
<body>
  <div class='ocr_page' id='page_1' title='image "./euripidistragoed01euriuoft_0293.png"; bbox 0 0 2118 3366; ppageno 0'>
   <div class='ocr_carea' id='block_1_1' title="bbox 787 139 1289 192">
    <p class='ocr_par' dir='ltr' id='par_1_1' title="bbox 787 139 1289 192">
     <span class='ocr_line' id='line_1_1' title="bbox 787 139 1289 192; baseline 0.006 -3"><span class='ocrx_word' id='word_1_1' title='bbox 787 139 1289 192; x_wconf 89' lang='grc' dir='ltr'>ΑΝΔΡΟΜΑΧΗ</span> 
     </span>
    </p>
   </div>
   <div class='ocr_carea' id='block_1_2' title="bbox 201 266 1876 2194">
    <p class='ocr_par' dir='ltr' id='par_1_2' title="bbox 201 266 1876 2194">
     <span class='ocr_line' id='line_1_2' title="bbox 336 266 1339 336; baseline 0.004 -16"><span class='ocrx_word' id='word_1_2' title='bbox 336 269 639 334; x_wconf 80' lang='grc' dir='ltr'>θυμούμενος</span> <span class='ocrx_word' id='word_1_3' title='bbox 670 272 724 322; x_wconf 81' lang='grc' dir='ltr'>δὲ</span> <span class='ocrx_word' id='word_1_4' title='bbox 753 266 976 332; x_wconf 85' lang='grc' dir='ltr'>τεύξεται</span> <span class='ocrx_word' id='word_1_5' title='bbox 1005 270 1339 336; x_wconf 90' lang='grc' dir='ltr'>θυμουμένων,</span> 
     </span>
     <span class='ocr_line' id='line_1_3' title="bbox 336 352 1353 422; baseline 0.003 -18"><span class='ocrx_word' id='word_1_6' title='bbox 336 352 530 419; x_wconf 88' lang='grc' dir='ltr'>ἔργοισι</span> <span class='ocrx_word' id='word_1_7' title='bbox 559 353 602 404; x_wconf 86' lang='grc' dir='ltr'>δ’</span> <span class='ocrx_word' id='word_1_8' title='bbox 633 354 754 420; x_wconf 86' lang='grc' dir='ltr'>ἔργα</span> <span class='ocrx_word' id='word_1_9' title='bbox 782 352 973 422; x_wconf 85' lang='grc' dir='ltr'>διάδοχ’</span> <span class='ocrx_word' id='word_1_10' title='bbox 1005 354 1353 422; x_wconf 83' lang='grc' dir='ltr'>ἀντιλήψεται.</span> 
     </span>
     <span class='ocr_line' id='line_1_4' title="bbox 334 435 1421 507; baseline 0.003 -20"><span class='ocrx_word' id='word_1_11' title='bbox 334 435 450 489; x_wconf 84' lang='grc' dir='ltr'>τοὺς</span> <span class='ocrx_word' id='word_1_12' title='bbox 481 437 603 490; x_wconf 83' lang='grc' dir='ltr'>σοὺς</span> <span class='ocrx_word' id='word_1_13' title='bbox 632 439 686 489; x_wconf 81' lang='grc' dir='ltr'>δὲ</span> <span class='ocrx_word' id='word_1_14' title='bbox 713 437 897 502; x_wconf 82' lang='grc' dir='ltr'>μύθους</span> <span class='ocrx_word' id='word_1_15' title='bbox 923 439 1105 507; x_wconf 77' lang='grc' dir='ltr'>ῥᾳδίως</span> <span class='ocrx_word' id='word_1_16' title='bbox 1134 440 1233 506; x_wconf 80' lang='grc' dir='ltr'>ἐγὼ</span> <span class='ocrx_word' id='word_1_17' title='bbox 1265 437 1421 507; x_wconf 82' lang='grc' dir='ltr'>φέρω·</span> 
     </span>
     <span class='ocr_line' id='line_1_5' title="bbox 335 521 1876 592; baseline 0.006 -22"><span class='ocrx_word' id='word_1_18' title='bbox 335 522 453 571; x_wconf 80' lang='grc' dir='ltr'>σκιὰ</span> <span class='ocrx_word' id='word_1_19' title='bbox 483 521 578 588; x_wconf 81' lang='grc' dir='ltr'>γὰρ</span> <span class='ocrx_word' id='word_1_20' title='bbox 608 522 927 589; x_wconf 86' lang='grc' dir='ltr'>ἆντίστοιχος</span> <span class='ocrx_word' id='word_1_21' title='bbox 957 522 1022 575; x_wconf 83' lang='grc' dir='ltr'>ὣς</span> <span class='ocrx_word' id='word_1_22' title='bbox 1053 522 1228 589; x_wconf 82' lang='grc' dir='ltr'>φωνὴν</span> <span class='ocrx_word' id='word_1_23' title='bbox 1258 523 1407 592; x_wconf 82' lang='grc' dir='ltr'>ἔχεις,</span> <span class='ocrx_word' id='word_1_24' title='bbox 1792 542 1876 585; x_wconf 87' lang='grc'>745</span> 
     </span>
     <span class='ocr_line' id='line_1_6' title="bbox 334 604 1491 674; baseline 0.003 -19"><span class='ocrx_word' id='word_1_25' title='bbox 334 604 587 664; x_wconf 86' lang='grc' dir='ltr'>ἀδύνατος,</span> <span class='ocrx_word' id='word_1_26' title='bbox 622 604 766 657; x_wconf 82' lang='grc' dir='ltr'>οὐδὲν</span> <span class='ocrx_word' id='word_1_27' title='bbox 793 604 926 657; x_wconf 83' lang='grc' dir='ltr'>ἄλλο</span> <span class='ocrx_word' id='word_1_28' title='bbox 958 606 1092 671; x_wconf 83' lang='grc' dir='ltr'>πλὴν</span> <span class='ocrx_word' id='word_1_29' title='bbox 1121 606 1292 674; x_wconf 92' lang='grc' dir='ltr'>λέγειν</span> <span class='ocrx_word' id='word_1_30' title='bbox 1320 609 1491 673; x_wconf 90' lang='grc' dir='ltr'>μόνον.</span> 
     </span>
     <span class='ocr_line' id='line_1_7' title="bbox 208 687 1610 758; baseline 0.006 -20"><span class='ocrx_word' id='word_1_31' title='bbox 208 691 307 752; x_wconf 92' lang='grc' dir='ltr'>Πη.</span> <span class='ocrx_word' id='word_1_32' title='bbox 334 687 475 754; x_wconf 85' lang='grc' dir='ltr'>ἡγοῦ,</span> <span class='ocrx_word' id='word_1_33' title='bbox 509 687 685 741; x_wconf 87' lang='grc' dir='ltr'>τέκνον</span> <span class='ocrx_word' id='word_1_34' title='bbox 714 711 814 754; x_wconf 91' lang='grc' dir='ltr'>μοι,</span> <span class='ocrx_word' id='word_1_35' title='bbox 846 689 975 756; x_wconf 88' lang='grc' dir='ltr'>δεῦρ’</span> <span class='ocrx_word' id='word_1_36' title='bbox 1003 690 1086 743; x_wconf 85' lang='grc' dir='ltr'>ὑπ’</span> <span class='ocrx_word' id='word_1_37' title='bbox 1118 690 1362 758; x_wconf 84' lang='grc' dir='ltr'>ἀγκάλαις</span> <span class='ocrx_word' id='word_1_38' title='bbox 1394 694 1610 753; x_wconf 91' lang='grc' dir='ltr'>σταθείς,</span> 
     </span>
     <span class='ocr_line' id='line_1_8' title="bbox 335 771 1428 844; baseline 0.007 -23"><span class='ocrx_word' id='word_1_39' title='bbox 335 771 401 822; x_wconf 89' lang='grc' dir='ltr'>σύ</span> <span class='ocrx_word' id='word_1_40' title='bbox 428 772 487 832; x_wconf 87' lang='grc' dir='ltr'>τ’,</span> <span class='ocrx_word' id='word_1_41' title='bbox 519 771 556 824; x_wconf 75' lang='grc' dir='ltr'>ὦ</span> <span class='ocrx_word' id='word_1_42' title='bbox 588 772 815 825; x_wconf 86' lang='grc' dir='ltr'>τάλαινα·</span> <span class='ocrx_word' id='word_1_43' title='bbox 861 776 1099 842; x_wconf 82' lang='grc' dir='ltr'>χείματος</span> <span class='ocrx_word' id='word_1_44' title='bbox 1127 777 1222 843; x_wconf 82' lang='grc' dir='ltr'>γὰρ</span> <span class='ocrx_word' id='word_1_45' title='bbox 1253 777 1428 844; x_wconf 82' lang='grc' dir='ltr'>ἀγρίου</span> 
     </span>
     <span class='ocr_line' id='line_1_9' title="bbox 331 856 1380 926; baseline 0.004 -19"><span class='ocrx_word' id='word_1_46' title='bbox 331 861 554 924; x_wconf 84' lang='grc' dir='ltr'>τυχοῦσα</span> <span class='ocrx_word' id='word_1_47' title='bbox 582 856 788 922; x_wconf 83' lang='grc' dir='ltr'>λιμένας</span> <span class='ocrx_word' id='word_1_48' title='bbox 819 857 970 922; x_wconf 83' lang='grc' dir='ltr'>ἦλθες</span> <span class='ocrx_word' id='word_1_49' title='bbox 999 861 1070 912; x_wconf 87' lang='grc' dir='ltr'>εἷς</span> <span class='ocrx_word' id='word_1_50' title='bbox 1101 858 1380 926; x_wconf 82' lang='grc' dir='ltr'>εὐηνέμους.</span> 
     </span>
     <span class='ocr_line' id='line_1_10' title="bbox 205 937 1875 1007; baseline 0.008 -17"><span class='ocrx_word' id='word_1_51' title='bbox 205 941 296 992; x_wconf 91' lang='grc' dir='ltr'>Αν.</span> <span class='ocrx_word' id='word_1_52' title='bbox 329 937 367 990; x_wconf 68' lang='grc' dir='ltr'>ὦ</span> <span class='ocrx_word' id='word_1_53' title='bbox 398 939 614 1007; x_wconf 85' lang='grc' dir='ltr'>πρέσβυ,</span> <span class='ocrx_word' id='word_1_54' title='bbox 649 943 759 993; x_wconf 92' lang='grc' dir='ltr'>θεοί</span> <span class='ocrx_word' id='word_1_55' title='bbox 786 963 870 994; x_wconf 90' lang='grc' dir='ltr'>σοι</span> <span class='ocrx_word' id='word_1_56' title='bbox 900 947 1033 995; x_wconf 84' lang='grc' dir='ltr'>δοῖεν</span> <span class='ocrx_word' id='word_1_57' title='bbox 1063 944 1116 995; x_wconf 76' lang='grc' dir='ltr'>εὖ</span> <span class='ocrx_word' id='word_1_58' title='bbox 1148 944 1226 995; x_wconf 88' lang='grc' dir='ltr'>καὶ</span> <span class='ocrx_word' id='word_1_59' title='bbox 1256 950 1390 996; x_wconf 89' lang='grc' dir='ltr'>τοῖσι</span> <span class='ocrx_word' id='word_1_60' title='bbox 1421 951 1546 1004; x_wconf 87' lang='grc' dir='ltr'>σοῖς,</span> <span class='ocrx_word' id='word_1_61' title='bbox 1794 962 1875 1003; x_wconf 87' lang='grc'>750</span> 
     </span>
     <span class='ocr_line' id='line_1_11' title="bbox 332 1021 1364 1094; baseline 0.006 -20"><span class='ocrx_word' id='word_1_62' title='bbox 332 1021 557 1094; x_wconf 79' lang='grc' dir='ltr'>σῴσαντι</span> <span class='ocrx_word' id='word_1_63' title='bbox 586 1029 738 1078; x_wconf 88' lang='grc' dir='ltr'>παῖδα</span> <span class='ocrx_word' id='word_1_64' title='bbox 771 1027 894 1092; x_wconf 83' lang='grc' dir='ltr'>κάμὲ</span> <span class='ocrx_word' id='word_1_65' title='bbox 923 1026 1013 1091; x_wconf 81' lang='grc' dir='ltr'>τὴν</span> <span class='ocrx_word' id='word_1_66' title='bbox 1044 1028 1364 1093; x_wconf 89' lang='grc' dir='ltr'>δυσδαίμονα.</span> 
     </span>
     <span class='ocr_line' id='line_1_12' title="bbox 329 1109 1215 1180; baseline 0.005 -21"><span class='ocrx_word' id='word_1_67' title='bbox 329 1109 421 1175; x_wconf 84' lang='grc' dir='ltr'>ὅρα</span> <span class='ocrx_word' id='word_1_68' title='bbox 450 1111 504 1161; x_wconf 82' lang='grc' dir='ltr'>δὲ</span> <span class='ocrx_word' id='word_1_69' title='bbox 533 1109 598 1174; x_wconf 79' lang='grc' dir='ltr'>μὴ</span> <span class='ocrx_word' id='word_1_70' title='bbox 627 1115 730 1180; x_wconf 77' lang='grc' dir='ltr'>’νῷν</span> <span class='ocrx_word' id='word_1_71' title='bbox 761 1112 831 1165; x_wconf 85' lang='grc' dir='ltr'>εἷς</span> <span class='ocrx_word' id='word_1_72' title='bbox 860 1113 1068 1177; x_wconf 81' lang='grc' dir='ltr'>ἐρημίαν</span> <span class='ocrx_word' id='word_1_73' title='bbox 1097 1113 1215 1163; x_wconf 90' lang='grc' dir='ltr'>ὁδοῦ</span> 
     </span>
     <span class='ocr_line' id='line_1_13' title="bbox 330 1191 1342 1263; baseline 0.006 -20"><span class='ocrx_word' id='word_1_74' title='bbox 330 1191 602 1257; x_wconf 81' lang='grc' dir='ltr'>πτήξαντες</span> <span class='ocrx_word' id='word_1_75' title='bbox 634 1195 736 1246; x_wconf 87' lang='grc' dir='ltr'>οἵδε</span> <span class='ocrx_word' id='word_1_76' title='bbox 768 1195 888 1261; x_wconf 87' lang='grc' dir='ltr'>πρὸς</span> <span class='ocrx_word' id='word_1_77' title='bbox 917 1197 1040 1260; x_wconf 91' lang='grc' dir='ltr'>βίαν</span> <span class='ocrx_word' id='word_1_78' title='bbox 1068 1195 1239 1263; x_wconf 82' lang='grc' dir='ltr'>ἄγωσί</span> <span class='ocrx_word' id='word_1_79' title='bbox 1262 1219 1342 1262; x_wconf 90' lang='grc' dir='ltr'>με,</span> 
     </span>
     <span class='ocr_line' id='line_1_14' title="bbox 327 1275 1412 1346; baseline 0.003 -19"><span class='ocrx_word' id='word_1_80' title='bbox 327 1275 536 1343; x_wconf 89' lang='grc' dir='ltr'>γέροντα</span> <span class='ocrx_word' id='word_1_81' title='bbox 565 1280 656 1342; x_wconf 80' lang='grc' dir='ltr'>μὲν</span> <span class='ocrx_word' id='word_1_82' title='bbox 689 1278 737 1328; x_wconf 86' lang='grc' dir='ltr'>σ’</span> <span class='ocrx_word' id='word_1_83' title='bbox 771 1279 995 1344; x_wconf 92' lang='grc' dir='ltr'>ὁρῶντες,</span> <span class='ocrx_word' id='word_1_84' title='bbox 1030 1281 1218 1344; x_wconf 85' lang='grc' dir='ltr'>ἀσθενῆ</span> <span class='ocrx_word' id='word_1_85' title='bbox 1251 1280 1293 1331; x_wconf 86' lang='grc' dir='ltr'>δ’</span> <span class='ocrx_word' id='word_1_86' title='bbox 1325 1281 1412 1346; x_wconf 83' lang='grc' dir='ltr'>ἐμὲ</span> 
     </span>
     <span class='ocr_line' id='line_1_15' title="bbox 329 1360 1869 1426; baseline 0.005 -14"><span class='ocrx_word' id='word_1_87' title='bbox 329 1361 408 1412; x_wconf 91' lang='grc' dir='ltr'>καὶ</span> <span class='ocrx_word' id='word_1_88' title='bbox 439 1365 591 1412; x_wconf 89' lang='grc' dir='ltr'>παῖδα</span> <span class='ocrx_word' id='word_1_89' title='bbox 622 1363 766 1414; x_wconf 85' lang='grc' dir='ltr'>τόνδε</span> <span class='ocrx_word' id='word_1_90' title='bbox 797 1360 991 1426; x_wconf 90' lang='grc' dir='ltr'>νήπιον·</span> <span class='ocrx_word' id='word_1_91' title='bbox 1041 1364 1220 1415; x_wconf 86' lang='grc' dir='ltr'>σκόπει</span> <span class='ocrx_word' id='word_1_92' title='bbox 1249 1364 1382 1423; x_wconf 85' lang='grc' dir='ltr'>τάδε,</span> <span class='ocrx_word' id='word_1_93' title='bbox 1789 1382 1869 1425; x_wconf 89' lang='grc'>755</span> 
     </span>
     <span class='ocr_line' id='line_1_16' title="bbox 325 1443 1400 1516; baseline 0.004 -20"><span class='ocrx_word' id='word_1_94' title='bbox 325 1443 392 1509; x_wconf 78' lang='grc' dir='ltr'>μὴ</span> <span class='ocrx_word' id='word_1_95' title='bbox 424 1450 509 1496; x_wconf 92' lang='grc' dir='ltr'>νῦν</span> <span class='ocrx_word' id='word_1_96' title='bbox 542 1446 788 1512; x_wconf 89' lang='grc' dir='ltr'>φυγόντες</span> <span class='ocrx_word' id='word_1_97' title='bbox 820 1446 909 1498; x_wconf 78' lang='grc' dir='ltr'>εἶθ’</span> <span class='ocrx_word' id='word_1_98' title='bbox 940 1449 1139 1512; x_wconf 83' lang='grc' dir='ltr'>ἁλῶμεν</span> <span class='ocrx_word' id='word_1_99' title='bbox 1169 1449 1400 1516; x_wconf 82' lang='grc' dir='ltr'>ὕστερον.</span> 
     </span>
     <span class='ocr_line' id='line_1_17' title="bbox 201 1528 1431 1600; baseline 0.006 -22"><span class='ocrx_word' id='word_1_100' title='bbox 201 1530 299 1592; x_wconf 92' lang='grc' dir='ltr'>Πη.</span> <span class='ocrx_word' id='word_1_101' title='bbox 325 1528 382 1579; x_wconf 86' lang='grc' dir='ltr'>οὐ</span> <span class='ocrx_word' id='word_1_102' title='bbox 413 1528 480 1594; x_wconf 80' lang='grc' dir='ltr'>μὴ</span> <span class='ocrx_word' id='word_1_103' title='bbox 512 1535 757 1595; x_wconf 90' lang='grc' dir='ltr'>γυναικῶν</span> <span class='ocrx_word' id='word_1_104' title='bbox 788 1529 957 1582; x_wconf 83' lang='grc' dir='ltr'>δειλὸν</span> <span class='ocrx_word' id='word_1_105' title='bbox 988 1533 1227 1586; x_wconf 84' lang='grc' dir='ltr'>εἰσοίσεις</span> <span class='ocrx_word' id='word_1_106' title='bbox 1257 1534 1431 1600; x_wconf 91' lang='grc' dir='ltr'>λόγον·</span> 
     </span>
     <span class='ocr_line' id='line_1_18' title="bbox 323 1613 1378 1683; baseline 0.005 -20"><span class='ocrx_word' id='word_1_107' title='bbox 323 1613 491 1680; x_wconf 85' lang='grc' dir='ltr'>χώρει·</span> <span class='ocrx_word' id='word_1_108' title='bbox 539 1614 612 1666; x_wconf 90' lang='grc' dir='ltr'>τίς</span> <span class='ocrx_word' id='word_1_109' title='bbox 643 1615 778 1678; x_wconf 82' lang='grc' dir='ltr'>ὑμῶν</span> <span class='ocrx_word' id='word_1_110' title='bbox 809 1614 1019 1681; x_wconf 84' lang='grc' dir='ltr'>ἄψεται,·</span> <span class='ocrx_word' id='word_1_111' title='bbox 1069 1618 1254 1668; x_wconf 86' lang='grc' dir='ltr'>κλαίων</span> <span class='ocrx_word' id='word_1_112' title='bbox 1284 1616 1378 1683; x_wconf 84' lang='grc' dir='ltr'>ἄρα</span> 
     </span>
     <span class='ocr_line' id='line_1_19' title="bbox 322 1696 1562 1769; baseline 0.006 -23"><span class='ocrx_word' id='word_1_113' title='bbox 322 1696 529 1763; x_wconf 84' lang='grc' dir='ltr'>ψαύσει.</span> <span class='ocrx_word' id='word_1_114' title='bbox 623 1701 748 1749; x_wconf 89' lang='grc' dir='ltr'>θεῶν</span> <span class='ocrx_word' id='word_1_115' title='bbox 779 1700 873 1765; x_wconf 80' lang='grc' dir='ltr'>γὰρ</span> <span class='ocrx_word' id='word_1_116' title='bbox 904 1699 1068 1767; x_wconf 82' lang='grc' dir='ltr'>οὕνεχ’</span> <span class='ocrx_word' id='word_1_117' title='bbox 1101 1702 1300 1752; x_wconf 81' lang='grc' dir='ltr'>ἱππικοῦ</span> <span class='ocrx_word' id='word_1_118' title='bbox 1330 1701 1371 1751; x_wconf 85' lang='grc' dir='ltr'>τ’</span> <span class='ocrx_word' id='word_1_119' title='bbox 1402 1704 1562 1769; x_wconf 78' lang='grc' dir='ltr'>ὄχλου</span> 
     </span>
     <span class='ocr_line' id='line_1_20' title="bbox 321 1781 1869 1851; baseline 0.005 -20"><span class='ocrx_word' id='word_1_120' title='bbox 321 1786 529 1832; x_wconf 86' lang='grc' dir='ltr'>πολλῶν</span> <span class='ocrx_word' id='word_1_121' title='bbox 560 1781 604 1831; x_wconf 87' lang='grc' dir='ltr'>θ’</span> <span class='ocrx_word' id='word_1_122' title='bbox 637 1783 857 1833; x_wconf 87' lang='grc' dir='ltr'>ὁπλιτῶν</span> <span class='ocrx_word' id='word_1_123' title='bbox 888 1782 1107 1851; x_wconf 82' lang='grc' dir='ltr'>ἄρχομεν</span> <span class='ocrx_word' id='word_1_124' title='bbox 1140 1786 1302 1836; x_wconf 84' lang='grc' dir='ltr'>Φθίαν</span> <span class='ocrx_word' id='word_1_125' title='bbox 1333 1785 1473 1837; x_wconf 85' lang='grc' dir='ltr'>κάτα·</span> <span class='ocrx_word' id='word_1_126' title='bbox 1789 1795 1869 1844; x_wconf 91' lang='lat'>760</span> 
     </span>
     <span class='ocr_line' id='line_1_21' title="bbox 320 1864 1505 1934; baseline 0.007 -18"><span class='ocrx_word' id='word_1_127' title='bbox 320 1864 461 1929; x_wconf 84' lang='grc' dir='ltr'>ἡμεῖς</span> <span class='ocrx_word' id='word_1_128' title='bbox 491 1865 533 1916; x_wconf 85' lang='grc' dir='ltr'>δ’</span> <span class='ocrx_word' id='word_1_129' title='bbox 567 1864 635 1917; x_wconf 84' lang='grc' dir='ltr'>ἔτ’</span> <span class='ocrx_word' id='word_1_130' title='bbox 668 1866 805 1932; x_wconf 88' lang='grc' dir='ltr'>ὀρθοὶ</span> <span class='ocrx_word' id='word_1_131' title='bbox 838 1867 923 1918; x_wconf 84' lang='grc' dir='ltr'>κού</span> <span class='ocrx_word' id='word_1_132' title='bbox 953 1867 1199 1934; x_wconf 89' lang='grc' dir='ltr'>γέροντες,</span> <span class='ocrx_word' id='word_1_133' title='bbox 1236 1870 1300 1922; x_wconf 84' lang='grc' dir='ltr'>ὡς</span> <span class='ocrx_word' id='word_1_134' title='bbox 1330 1874 1505 1929; x_wconf 88' lang='grc' dir='ltr'>δοκεῖς,</span> 
     </span>
     <span class='ocr_line' id='line_1_22' title="bbox 319 1948 1522 2020; baseline 0.006 -21"><span class='ocrx_word' id='word_1_135' title='bbox 319 1948 435 2000; x_wconf 83' lang='grc' dir='ltr'>ἀλλ’</span> <span class='ocrx_word' id='word_1_136' title='bbox 468 1951 537 2002; x_wconf 86' lang='grc' dir='ltr'>εἵς</span> <span class='ocrx_word' id='word_1_137' title='bbox 569 1971 628 2016; x_wconf 91' lang='grc' dir='ltr'>γε</span> <span class='ocrx_word' id='word_1_138' title='bbox 660 1950 840 2002; x_wconf 88' lang='grc' dir='ltr'>τοιόνδ’</span> <span class='ocrx_word' id='word_1_139' title='bbox 872 1951 1007 2018; x_wconf 78' lang='grc' dir='ltr'>ἄνδρ’</span> <span class='ocrx_word' id='word_1_140' title='bbox 1038 1952 1346 2020; x_wconf 83' lang='grc' dir='ltr'>ἀποβλέψας</span> <span class='ocrx_word' id='word_1_141' title='bbox 1367 1956 1522 2019; x_wconf 89' lang='grc' dir='ltr'>μόνον</span> 
     </span>
     <span class='ocr_line' id='line_1_23' title="bbox 317 2034 1536 2104; baseline 0.005 -20"><span class='ocrx_word' id='word_1_142' title='bbox 317 2039 555 2099; x_wconf 89' lang='grc' dir='ltr'>τροπαῖον</span> <span class='ocrx_word' id='word_1_143' title='bbox 587 2034 734 2085; x_wconf 80' lang='grc' dir='ltr'>αὐτοῦ</span> <span class='ocrx_word' id='word_1_144' title='bbox 766 2034 1036 2101; x_wconf 89' lang='grc' dir='ltr'>στήσομαι,</span> <span class='ocrx_word' id='word_1_145' title='bbox 1069 2036 1296 2103; x_wconf 84' lang='grc' dir='ltr'>πρέσβυς</span> <span class='ocrx_word' id='word_1_146' title='bbox 1328 2060 1419 2104; x_wconf 90' lang='grc' dir='ltr'>περ</span> <span class='ocrx_word' id='word_1_147' title='bbox 1451 2039 1536 2090; x_wconf 86' lang='grc' dir='ltr'>ὤν.</span> 
     </span>
     <span class='ocr_line' id='line_1_24' title="bbox 316 2116 1434 2194; baseline 0.006 -26"><span class='ocrx_word' id='word_1_148' title='bbox 316 2122 525 2169; x_wconf 91' lang='grc' dir='ltr'>πολλῶν</span> <span class='ocrx_word' id='word_1_149' title='bbox 557 2116 683 2170; x_wconf 89' lang='grc' dir='ltr'>νέων</span> <span class='ocrx_word' id='word_1_150' title='bbox 714 2120 809 2185; x_wconf 82' lang='grc' dir='ltr'>γὰρ</span> <span class='ocrx_word' id='word_1_151' title='bbox 843 2119 933 2170; x_wconf 80' lang='grc' dir='ltr'>κᾶν</span> <span class='ocrx_word' id='word_1_152' title='bbox 963 2119 1123 2186; x_wconf 90' lang='grc' dir='ltr'>γέρων</span> <span class='ocrx_word' id='word_1_153' title='bbox 1154 2122 1377 2189; x_wconf 83' lang='grc' dir='ltr'>εὔψυχος</span> <span class='ocrx_word' id='word_1_154' title='bbox 1403 2121 1434 2194; x_wconf 82' lang='grc' dir='ltr'><em>ᾗ</em></span> 
     </span>
    </p>
   </div>
   <div class='ocr_carea' id='block_1_3' title="bbox 188 2202 1860 2566">
    <p class='ocr_par' dir='ltr' id='par_1_3' title="bbox 318 2202 1860 2272">
     <span class='ocr_line' id='line_1_25' title="bbox 318 2202 1860 2272; baseline 0.007 -20"><span class='ocrx_word' id='word_1_155' title='bbox 318 2202 586 2268; x_wconf 88' lang='grc' dir='ltr'>κρείσσων·</span> <span class='ocrx_word' id='word_1_156' title='bbox 634 2203 686 2253; x_wconf 89' lang='grc' dir='ltr'>τί</span> <span class='ocrx_word' id='word_1_157' title='bbox 712 2205 807 2269; x_wconf 86' lang='grc' dir='ltr'>γὰρ</span> <span class='ocrx_word' id='word_1_158' title='bbox 840 2207 917 2255; x_wconf 90' lang='grc' dir='ltr'>δεῖ</span> <span class='ocrx_word' id='word_1_159' title='bbox 945 2204 1111 2256; x_wconf 87' lang='grc' dir='ltr'>δειλὸν</span> <span class='ocrx_word' id='word_1_160' title='bbox 1144 2204 1244 2257; x_wconf 83' lang='grc' dir='ltr'>ὅντ’</span> <span class='ocrx_word' id='word_1_161' title='bbox 1277 2207 1608 2272; x_wconf 80' lang='grc' dir='ltr'>εὐσωματεῖν,·</span> <span class='ocrx_word' id='word_1_162' title='bbox 1782 2215 1860 2265; x_wconf 85' lang='grc'>765</span> 
     </span>
    </p>

    <p class='ocr_par' dir='ltr' id='par_1_4' title="bbox 188 2323 1857 2482">
     <span class='ocr_line' id='line_1_26' title="bbox 188 2323 1857 2402; baseline 0.005 -26"><span class='ocrx_word' id='word_1_163' title='bbox 188 2329 279 2377; x_wconf 88' lang='grc' dir='ltr'>Χο.</span> <span class='ocrx_word' id='word_1_164' title='bbox 397 2323 428 2391; x_wconf 86' lang='grc' dir='ltr'>ἢ</span> <span class='ocrx_word' id='word_1_165' title='bbox 458 2326 525 2392; x_wconf 80' lang='grc' dir='ltr'>μὴ</span> <span class='ocrx_word' id='word_1_166' title='bbox 557 2328 794 2394; x_wconf 91' lang='grc' dir='ltr'>γενοίμαν</span> <span class='ocrx_word' id='word_1_167' title='bbox 825 2323 854 2392; x_wconf 85' lang='grc' dir='ltr'>ἢ</span> <span class='ocrx_word' id='word_1_168' title='bbox 887 2328 1115 2396; x_wconf 87' lang='grc' dir='ltr'>πατέρων</span> <span class='ocrx_word' id='word_1_169' title='bbox 1145 2331 1347 2396; x_wconf 84' lang='grc' dir='ltr'>ἀγαθῶν</span> <span class='ocrx_word' id='word_1_170' title='bbox 1726 2329 1857 2402; x_wconf 89' lang='grc' dir='ltr'>[στρ.</span> 
     </span>
     <span class='ocr_line' id='line_1_27' title="bbox 398 2411 1394 2482; baseline 0.001 -18"><span class='ocrx_word' id='word_1_171' title='bbox 398 2414 504 2476; x_wconf 89' lang='grc' dir='ltr'>εἵην</span> <span class='ocrx_word' id='word_1_172' title='bbox 535 2411 856 2476; x_wconf 90' lang='grc' dir='ltr'>πολυκτήτων</span> <span class='ocrx_word' id='word_1_173' title='bbox 887 2434 941 2465; x_wconf 91' lang='grc' dir='ltr'>τε</span> <span class='ocrx_word' id='word_1_174' title='bbox 971 2414 1134 2479; x_wconf 90' lang='grc' dir='ltr'>δόμων</span> <span class='ocrx_word' id='word_1_175' title='bbox 1162 2413 1394 2482; x_wconf 86' lang='grc' dir='ltr'>μέτοχος.</span> 
     </span>
    </p>

    <p class='ocr_par' dir='ltr' id='par_1_5' title="bbox 440 2496 1857 2566">
     <span class='ocr_line' id='line_1_28' title="bbox 440 2496 1857 2566; baseline 0 -18"><span class='ocrx_word' id='word_1_176' title='bbox 440 2497 488 2548; x_wconf 79' lang='grc' dir='ltr'>εἴ</span> <span class='ocrx_word' id='word_1_177' title='bbox 513 2518 560 2548; x_wconf 93' lang='grc' dir='ltr'>τι</span> <span class='ocrx_word' id='word_1_178' title='bbox 591 2499 686 2563; x_wconf 83' lang='grc' dir='ltr'>γὰρ</span> <span class='ocrx_word' id='word_1_179' title='bbox 718 2496 911 2565; x_wconf 87' lang='grc' dir='ltr'>πάσχοι</span> <span class='ocrx_word' id='word_1_180' title='bbox 944 2519 1018 2551; x_wconf 88' lang='grc' dir='ltr'>τις</span> <span class='ocrx_word' id='word_1_181' title='bbox 1049 2496 1323 2566; x_wconf 83' lang='grc' dir='ltr'>ἀμήχανον,</span> <span class='ocrx_word' id='word_1_182' title='bbox 1360 2500 1516 2553; x_wconf 83' lang='grc' dir='ltr'>ἀλκᾶς</span> <span class='ocrx_word' id='word_1_183' title='bbox 1776 2517 1857 2557; x_wconf 90' lang='lat'>770</span> 
     </span>
    </p>
   </div>
   <div class='ocr_carea' id='block_1_4' title="bbox 179 2613 1858 3050">
    <p class='ocr_par' dir='ltr' id='par_1_6' title="bbox 179 2613 1858 3050">
     <span class='ocr_line' id='line_1_29' title="bbox 240 2613 1858 2671; baseline 0.003 -17"><span class='ocrx_word' id='word_1_184' title='bbox 240 2624 319 2663; x_wconf 88' lang='lat'>745</span> <span class='ocrx_word' id='word_1_185' title='bbox 350 2614 445 2655; x_wconf 85' lang='grc' dir='ltr'>σκιὰ</span> <span class='ocrx_word' id='word_1_186' title='bbox 460 2618 491 2657; x_wconf 82' lang='grc' dir='ltr'>Σ</span> <span class='ocrx_word' id='word_1_187' title='bbox 509 2619 552 2654; x_wconf 91' lang='lat' dir='ltr'>et</span> <span class='ocrx_word' id='word_1_188' title='bbox 573 2613 661 2652; x_wconf 86' lang='lat' dir='ltr'><strong>fere</strong></span> <span class='ocrx_word' id='word_1_189' title='bbox 683 2613 828 2652; x_wconf 91' lang='lat' dir='ltr'>codd.:</span> <span class='ocrx_word' id='word_1_190' title='bbox 862 2617 956 2654; x_wconf 80' lang='grc' dir='ltr'>σκιᾶ</span> <span class='ocrx_word' id='word_1_191' title='bbox 974 2613 1015 2651; x_wconf 95' lang='grc' dir='ltr'>Μ</span> <span class='ocrx_word' id='word_1_192' title='bbox 1113 2617 1210 2666; x_wconf 81' lang='grc' dir='ltr'>σκιᾷ</span> <span class='ocrx_word' id='word_1_193' title='bbox 1228 2630 1269 2666; x_wconf 78' lang='grc' dir='ltr'>γ.</span> <span class='ocrx_word' id='word_1_194' title='bbox 1291 2615 1326 2654; x_wconf 86' lang='grc' dir='ltr'>ἀ.</span> <span class='ocrx_word' id='word_1_195' title='bbox 1348 2615 1402 2654; x_wconf 82' lang='grc' dir='ltr'>ὢν</span> <span class='ocrx_word' id='word_1_196' title='bbox 1424 2614 1612 2654; x_wconf 86' lang='lat' dir='ltr'><strong>Reiske:</strong></span> <span class='ocrx_word' id='word_1_197' title='bbox 1643 2619 1758 2658; x_wconf 82' lang='grc' dir='ltr'>σκιᾶς</span> <span class='ocrx_word' id='word_1_198' title='bbox 1777 2619 1858 2671; x_wconf 81' lang='grc' dir='ltr'>γὰρ</span> 
     </span>
     <span class='ocr_line' id='line_1_30' title="bbox 184 2667 1856 2724; baseline 0.001 -17"><span class='ocrx_word' id='word_1_199' title='bbox 184 2667 450 2720; x_wconf 82' lang='grc' dir='ltr'>ἀντίστοιχον</span> <span class='ocrx_word' id='word_1_200' title='bbox 476 2670 529 2710; x_wconf 82' lang='grc' dir='ltr'>ὣς</span> <span class='ocrx_word' id='word_1_201' title='bbox 554 2677 597 2721; x_wconf 90' lang='grc' dir='ltr'>φ.</span> <span class='ocrx_word' id='word_1_202' title='bbox 631 2671 661 2709; x_wconf 82' lang='grc' dir='ltr'>ἐ.</span> <span class='ocrx_word' id='word_1_203' title='bbox 693 2668 869 2707; x_wconf 87' lang='lat' dir='ltr'>Cramer</span> <span class='ocrx_word' id='word_1_204' title='bbox 890 2668 1057 2707; x_wconf 87' lang='lat' dir='ltr'>Anecd.</span> <span class='ocrx_word' id='word_1_205' title='bbox 1081 2668 1122 2707; x_wconf 92' lang='lat' dir='ltr'>ii.</span> <span class='ocrx_word' id='word_1_206' title='bbox 1146 2670 1241 2717; x_wconf 86' lang='lat'><strong>463,</strong></span> <span class='ocrx_word' id='word_1_207' title='bbox 1265 2668 1314 2708; x_wconf 91' lang='lat' dir='ltr'>cf.</span> <span class='ocrx_word' id='word_1_208' title='bbox 1342 2669 1408 2707; x_wconf 86' lang='lat' dir='ltr'>Et.</span> <span class='ocrx_word' id='word_1_209' title='bbox 1429 2668 1572 2718; x_wconf 88' lang='lat' dir='ltr'><strong>Magn.</strong></span> <span class='ocrx_word' id='word_1_210' title='bbox 1599 2682 1640 2719; x_wconf 86' lang='lat' dir='ltr'>p.</span> <span class='ocrx_word' id='word_1_211' title='bbox 1667 2683 1743 2720; x_wconf 92' lang='lat'>114</span> <span class='ocrx_word' id='word_1_212' title='bbox 1766 2672 1856 2724; x_wconf 88' lang='lat' dir='ltr'>(qui</span> 
     </span>
     <span class='ocr_line' id='line_1_31' title="bbox 181 2722 1854 2775; baseline 0.004 -16"><span class='ocrx_word' id='word_1_213' title='bbox 181 2733 263 2761; x_wconf 89' lang='lat' dir='ltr'>orn.</span> <span class='ocrx_word' id='word_1_214' title='bbox 288 2724 359 2771; x_wconf 77' lang='grc' dir='ltr'>ὣς)</span> <span class='ocrx_word' id='word_1_215' title='bbox 515 2735 592 2772; x_wconf 90' lang='lat'>747</span> <span class='ocrx_word' id='word_1_216' title='bbox 633 2723 817 2775; x_wconf 78' lang='grc' dir='ltr'>ἀγκάλης</span> <span class='ocrx_word' id='word_1_217' title='bbox 846 2722 898 2761; x_wconf 71' lang='lat' dir='ltr'>V²</span> <span class='ocrx_word' id='word_1_218' title='bbox 1053 2735 1128 2772; x_wconf 88' lang='lat'>752</span> <span class='ocrx_word' id='word_1_219' title='bbox 1161 2725 1230 2764; x_wconf 84' lang='grc' dir='ltr'>νῦν</span> <span class='ocrx_word' id='word_1_220' title='bbox 1257 2723 1291 2761; x_wconf 94' lang='grc' dir='ltr'>Ρ</span> <span class='ocrx_word' id='word_1_221' title='bbox 1445 2735 1522 2772; x_wconf 88' lang='lat'>757</span> <span class='ocrx_word' id='word_1_222' title='bbox 1554 2727 1616 2764; x_wconf 80' lang='grc' dir='ltr'>οὔ·</span> <span class='ocrx_word' id='word_1_223' title='bbox 1633 2725 1690 2775; x_wconf 74' lang='grc' dir='ltr'>μὴ</span> <span class='ocrx_word' id='word_1_224' title='bbox 1711 2727 1854 2774; x_wconf 91' lang='lat' dir='ltr'>codd.‚</span> 
     </span>
     <span class='ocr_line' id='line_1_32' title="bbox 181 2776 1854 2834; baseline 0.006 -21"><span class='ocrx_word' id='word_1_225' title='bbox 181 2781 227 2814; x_wconf 94' lang='lat' dir='ltr'>ut</span> <span class='ocrx_word' id='word_1_226' title='bbox 251 2777 334 2816; x_wconf 88' lang='lat' dir='ltr'><strong>vid.</strong></span> <span class='ocrx_word' id='word_1_227' title='bbox 468 2781 614 2819; x_wconf 82' lang='grc' dir='ltr'>δειλῶν</span> <span class='ocrx_word' id='word_1_228' title='bbox 632 2777 672 2816; x_wconf 96' lang='lat' dir='ltr'>V</span> <span class='ocrx_word' id='word_1_229' title='bbox 688 2778 745 2818; x_wconf 86' lang='lat' dir='ltr'>P:</span> <span class='ocrx_word' id='word_1_230' title='bbox 778 2790 883 2816; x_wconf 88' lang='lat' dir='ltr'><strong>corr.</strong></span> <span class='ocrx_word' id='word_1_231' title='bbox 907 2776 958 2815; x_wconf 91' lang='lat' dir='ltr'>V¹</span> <span class='ocrx_word' id='word_1_232' title='bbox 1100 2789 1179 2828; x_wconf 90' lang='lat'>759</span> <span class='ocrx_word' id='word_1_233' title='bbox 1210 2781 1300 2818; x_wconf 86' lang='grc' dir='ltr'>θεοῦ</span> <span class='ocrx_word' id='word_1_234' title='bbox 1321 2778 1355 2815; x_wconf 96' lang='lat' dir='ltr'><strong>L</strong></span> <span class='ocrx_word' id='word_1_235' title='bbox 1374 2778 1407 2816; x_wconf 93' lang='lat' dir='ltr'>P</span> <span class='ocrx_word' id='word_1_236' title='bbox 1549 2780 1624 2827; x_wconf 88' lang='lat'>761</span> <span class='ocrx_word' id='word_1_237' title='bbox 1658 2778 1702 2820; x_wconf 87' lang='grc' dir='ltr'>δὲ</span> <span class='ocrx_word' id='word_1_238' title='bbox 1721 2780 1854 2834; x_wconf 62' lang='lat' dir='ltr'>napea)</span> 
     </span>
     <span class='ocr_line' id='line_1_33' title="bbox 180 2830 1853 2885; baseline 0.004 -16"><span class='ocrx_word' id='word_1_239' title='bbox 180 2835 223 2869; x_wconf 90' lang='lat' dir='ltr'>et</span> <span class='ocrx_word' id='word_1_240' title='bbox 245 2832 296 2872; x_wconf 80' lang='grc' dir='ltr'>ὣς</span> <span class='ocrx_word' id='word_1_241' title='bbox 317 2831 369 2872; x_wconf 85' lang='grc' dir='ltr'>σὺ</span> <span class='ocrx_word' id='word_1_242' title='bbox 387 2831 427 2870; x_wconf 95' lang='lat' dir='ltr'>V</span> <span class='ocrx_word' id='word_1_243' title='bbox 449 2830 505 2884; x_wconf 84' lang='grc' dir='ltr'>(τ’</span> <span class='ocrx_word' id='word_1_244' title='bbox 526 2831 631 2885; x_wconf 80' lang='grc' dir='ltr'>ὀρθοὶ</span> <span class='ocrx_word' id='word_1_245' title='bbox 651 2832 724 2884; x_wconf 83' lang='lat' dir='ltr'>V2)</span> <span class='ocrx_word' id='word_1_246' title='bbox 935 2833 1013 2882; x_wconf 86' lang='lat'>763</span> <span class='ocrx_word' id='word_1_247' title='bbox 1045 2834 1166 2874; x_wconf 81' lang='grc' dir='ltr'>αὐτὸς</span> <span class='ocrx_word' id='word_1_248' title='bbox 1191 2833 1305 2871; x_wconf 81' lang='lat' dir='ltr'><em>‘sine</em></span> <span class='ocrx_word' id='word_1_249' title='bbox 1322 2832 1541 2882; x_wconf 78' lang='lat' dir='ltr'><em>equitibus’</em></span> <span class='ocrx_word' id='word_1_250' title='bbox 1563 2833 1853 2875; x_wconf 86' lang='lat' dir='ltr'>Wilamowitz</span> 
     </span>
     <span class='ocr_line' id='line_1_34' title="bbox 179 2884 1852 2945; baseline 0.002 -20"><span class='ocrx_word' id='word_1_251' title='bbox 179 2884 466 2945; x_wconf 82' lang='grc' dir='ltr'>πρεσβυτέρων</span> <span class='ocrx_word' id='word_1_252' title='bbox 498 2885 540 2925; x_wconf 93' lang='grc' dir='ltr'><strong>Μ</strong></span> <span class='ocrx_word' id='word_1_253' title='bbox 557 2886 593 2925; x_wconf 91' lang='grc' dir='ltr'><strong>Β</strong></span> <span class='ocrx_word' id='word_1_254' title='bbox 612 2887 650 2926; x_wconf 93' lang='grc' dir='ltr'><strong>Ο</strong></span> <span class='ocrx_word' id='word_1_255' title='bbox 834 2888 923 2936; x_wconf 74' lang='lat'>764,</span> <span class='ocrx_word' id='word_1_256' title='bbox 964 2888 1040 2936; x_wconf 87' lang='lat'>765</span> <span class='ocrx_word' id='word_1_257' title='bbox 1087 2887 1285 2937; x_wconf 84' lang='lat' dir='ltr'>Suspecti</span> <span class='ocrx_word' id='word_1_258' title='bbox 1304 2901 1313 2925; x_wconf 91' lang='lat'><strong>:</strong></span> <span class='ocrx_word' id='word_1_259' title='bbox 1357 2887 1504 2926; x_wconf 86' lang='lat' dir='ltr'><strong>habuit</strong></span> <span class='ocrx_word' id='word_1_260' title='bbox 1538 2889 1656 2928; x_wconf 88' lang='lat' dir='ltr'>Stob.</span> <span class='ocrx_word' id='word_1_261' title='bbox 1692 2901 1758 2938; x_wconf 87' lang='lat'>51.</span> <span class='ocrx_word' id='word_1_262' title='bbox 1802 2902 1852 2940; x_wconf 88' lang='lat'>13</span> 
     </span>
     <span class='ocr_line' id='line_1_35' title="bbox 181 2940 1851 2995; baseline 0.003 -15"><span class='ocrx_word' id='word_1_263' title='bbox 181 2941 260 2989; x_wconf 91' lang='lat'>764</span> <span class='ocrx_word' id='word_1_264' title='bbox 290 2940 471 2993; x_wconf 83' lang='grc' dir='ltr'>ἔμψυχος</span> <span class='ocrx_word' id='word_1_265' title='bbox 490 2940 528 2979; x_wconf 96' lang='lat' dir='ltr'>V</span> <span class='ocrx_word' id='word_1_266' title='bbox 548 2954 557 2979; x_wconf 90' lang='lat'>:</span> <span class='ocrx_word' id='word_1_267' title='bbox 586 2958 649 2995; x_wconf 76' lang='grc' dir='ltr'>γρ.</span> <span class='ocrx_word' id='word_1_268' title='bbox 677 2944 851 2994; x_wconf 78' lang='grc' dir='ltr'>εὔψυχος</span> <span class='ocrx_word' id='word_1_269' title='bbox 871 2941 922 2979; x_wconf 81' lang='lat' dir='ltr'>V2</span> <span class='ocrx_word' id='word_1_270' title='bbox 1033 2940 1081 2995; x_wconf 77' lang='grc' dir='ltr'>ᾖ]</span> <span class='ocrx_word' id='word_1_271' title='bbox 1102 2943 1156 2982; x_wconf 79' lang='grc' dir='ltr'>ὢν</span> <span class='ocrx_word' id='word_1_272' title='bbox 1179 2942 1408 2980; x_wconf 87' lang='lat' dir='ltr'>Kirchhoff</span> <span class='ocrx_word' id='word_1_273' title='bbox 1593 2945 1671 2993; x_wconf 88' lang='lat'>765</span> <span class='ocrx_word' id='word_1_274' title='bbox 1700 2943 1743 2984; x_wconf 81' lang='grc' dir='ltr'>τί</span> <span class='ocrx_word' id='word_1_275' title='bbox 1761 2944 1851 2985; x_wconf 83' lang='grc' dir='ltr'>λύει</span> 
     </span>
     <span class='ocr_line' id='line_1_36' title="bbox 180 2993 1352 3050; baseline 0.002 -18"><span class='ocrx_word' id='word_1_276' title='bbox 180 2993 355 3034; x_wconf 88' lang='lat' dir='ltr'>Brunck</span> <span class='ocrx_word' id='word_1_277' title='bbox 523 3008 603 3046; x_wconf 88' lang='lat'>770</span> <span class='ocrx_word' id='word_1_278' title='bbox 630 2997 710 3050; x_wconf 81' lang='grc' dir='ltr'>γὰρ</span> <span class='ocrx_word' id='word_1_279' title='bbox 731 2998 779 3038; x_wconf 74' lang='grc' dir='ltr'>ἂν</span> <span class='ocrx_word' id='word_1_280' title='bbox 799 2996 921 3035; x_wconf 85' lang='lat' dir='ltr'><strong>codd.</strong></span> <span class='ocrx_word' id='word_1_281' title='bbox 943 3010 952 3035; x_wconf 76' lang='grc' dir='ltr'>ε</span> <span class='ocrx_word' id='word_1_282' title='bbox 984 2997 1032 3037; x_wconf 76' lang='grc' dir='ltr'>ἂν</span> <span class='ocrx_word' id='word_1_283' title='bbox 1053 2996 1135 3037; x_wconf 86' lang='lat' dir='ltr'><strong>del.</strong></span> <span class='ocrx_word' id='word_1_284' title='bbox 1164 2995 1352 3035; x_wconf 84' lang='lat' dir='ltr'>Dindorf</span> 
     </span>
    </p>
   </div>
  </div>
 </body>
</html>
