2118 3366
937 129 1384 178 ΕΤΡΙΠΙΔΟΎ

445 258 618 312 σκαιὸς
649 261 744 327 γὰρ
776 257 915 327 ἀνήρ.
1004 264 1107 314 τοῖς
1139 265 1326 328 σοφοῖς
1357 259 1400 311 δ’
1433 259 1608 313 εὐκτὸν
1636 266 1787 332 σοφῷ

444 341 630 411 ἔχθραν
661 342 949 402 συνάπτειν,
983 342 1050 408 μὴ
1084 345 1270 408 ἀμαθεῖ
1297 342 1597 411 φρονήματι·

444 430 639 491 πολλῆς
669 429 765 494 γὰρ
795 429 961 480 αἰδοῦς
994 428 1072 479 καὶ
1105 427 1242 491 δίκης
1272 448 1347 481 τις
1378 428 1439 479 ἂν
1470 427 1629 496 τύχοι.
1909 434 1993 485 460

319 514 410 561 Χο.
443 508 480 561 ὦ
513 508 728 577 πρέσβυ,
762 509 829 576 μή
861 532 949 563 νυν
980 509 1114 574 τήνδ’
1149 511 1352 562 ἐπαιτιῶ
1383 512 1550 563 πόλιν·

445 592 557 661 τάχ’
589 593 650 645 ἂν
679 596 774 660 γὰρ
804 594 922 658 ἡμῖν
954 596 1139 660 ψευδὲς
1174 593 1290 645 ἀλλ’
1322 595 1455 659 ὅμως
1485 593 1637 645 κακὸν

444 675 626 743 γένοιτ’
658 679 846 730 ὄνειδος
879 677 943 730 ὡς
974 674 1144 740 ξένους
1177 678 1545 743 προυδώκαμεν.

323 766 415 825 Δη.
440 766 645 827 γενναῖα
675 763 766 826 μὲν
796 759 903 812 τάδ’
937 760 1093 819 εἶπας,
1131 760 1246 812 ἀλλ’
1279 760 1528 830 ἀμήχανα.

445 844 500 895 οὐ
535 849 627 895 σοῦ
658 845 874 912 χατίζων
905 844 1033 911 δεῦρ’
1067 843 1198 908 ἄναξ
1225 851 1575 911 στρατηλατεῖ·
1912 851 1993 903 465

445 930 497 980 τί
523 931 619 995 γὰρ
649 928 883 995 γέροντος
915 927 1093 995 ἀνδρὸς
1128 929 1381 995 Εὐρυσθεῖ
1407 928 1566 981 πλέον

447 1013 707 1073 θανόντος,·
756 1013 891 1064 ἀλλὰ
923 1012 1105 1064 τούσδε
1137 1013 1380 1077 βούλεται
1411 1018 1622 1065 κτανεῖν.

446 1096 608 1148 δεινὸν
641 1099 736 1164 γὰρ
768 1099 969 1165 ἐχθροῖς
1001 1095 1384 1162 βλαστάνοντες
1417 1098 1650 1164 εὐγενεῖς,

446 1182 635 1232 νεανίαι
665 1202 719 1232 τε
751 1182 830 1232 καὶ
861 1179 1047 1247 πατρὸς
1077 1179 1380 1246 μεμνημένοι

446 1265 621 1329 λύμας·
667 1265 698 1316 ἃ
730 1269 893 1316 κεῖνον
926 1263 1089 1316 πάντα
1121 1269 1429 1330 προσκοπεῖν
1459 1265 1637 1333 χρεών.
1914 1280 1997 1321 470

449 1348 580 1407 ἀλλ’,
616 1351 662 1400 εἴ
689 1349 782 1401 τιν’
816 1348 980 1413 ἄλλην
1013 1348 1164 1400 οἶσθα
1198 1347 1518 1415 καιριωτέραν

448 1432 659 1498 βουλήν,
696 1432 934 1498 ἐτοίμαζ’,
970 1433 1035 1486 ὡς
1068 1432 1217 1499 ἔγωγ’
1252 1431 1508 1501 ἀμήχανος

449 1522 691 1584 χρησμῶν
723 1518 942 1570 ἀκούσας
975 1518 1073 1581 εἰμὶ
1108 1517 1186 1567 καὶ
1220 1518 1388 1583 φόβου
1419 1515 1601 1570 πλέως.

326 1624 616 1660 ΜΑΚΑΡῙΑ

450 1697 599 1762 ξένοι,
637 1696 823 1765 θράσος
851 1720 935 1764 μοι
966 1700 1120 1763 μηδὲν
1153 1697 1344 1763 ἐξόδοις
1375 1700 1516 1763 ἐμαῖς

450 1786 719 1849 προσθῆτε·
770 1788 965 1849 πρῶτον
997 1785 1090 1849 γὰρ
1122 1782 1224 1833 τόδ’
1258 1781 1598 1847 ἐξαιτήσομαι·
1915 1797 1995 1837 475

450 1868 642 1933 γυναικὶ
674 1868 768 1933 γὰρ
802 1865 921 1932 σιγή
955 1888 1009 1917 τε
1042 1867 1121 1918 καὶ
1153 1866 1209 1917 τὸ
1242 1870 1529 1933 σωφρονεῖν

451 1949 743 2008 κάλλιστον,
778 1952 900 2001 εἵσω
931 1949 974 2000 θ’
1006 1950 1200 2018 ἥσυχον
1230 1949 1398 2016 μένειν
1430 1951 1609 2015 δόμων.

449 2040 547 2086 τῶν
581 2040 683 2086 σῶν
714 2033 756 2085 δ’
788 2033 1052 2093 ἀκούσασ’,
1088 2034 1303 2093 Ἰόλεως,
1340 2033 1698 2101 στεναγμάτων

451 2118 679 2183 ἐξῆλθον,
715 2118 771 2169 οὐ
800 2122 1049 2187 ταχθεῖσα
1080 2119 1385 2185 πρεσβεύειν
1416 2118 1605 2185 γένους.

453 2203 584 2261 ἀλλ’,
620 2203 718 2268 εἰμὶ
748 2201 843 2269 γάρ
876 2224 979 2255 πως
1012 2203 1321 2270 πρόσφορος,
1355 2202 1499 2267 μέλει
1530 2201 1584 2253 δέ
1614 2223 1697 2268 μοι
1918 2208 1998 2258 480

450 2285 653 2351 μάλιστ’
688 2288 939 2353 ἀδελφῶν,
973 2291 1127 2338 τῶνδε
1159 2288 1407 2352 κάμαυτῆς
1438 2285 1551 2352 πέρι

451 2369 582 2422 θέλω
616 2370 876 2429 πυθέσθαι,
909 2371 975 2436 μὴ
1008 2371 1080 2423 ’πὶ
1111 2376 1215 2424 τοῖς
1245 2370 1403 2423 πάλαι
1435 2376 1601 2423 κακοῖς

452 2456 813 2521 προσκείμενόν
844 2476 891 2506 τι
923 2459 1061 2520 πῆμα
1094 2455 1190 2519 σὴν
1222 2454 1387 2507 δάκνει
1419 2453 1594 2522 φρένα.

327 2544 393 2590 Io.
457 2537 494 2590 ὦ
526 2545 629 2598 παῖ,
662 2538 887 2604 μάλιστα
920 2539 968 2589 σ’
1001 2540 1057 2590 οὐ
1089 2539 1272 2591 νεωστὶ
1303 2539 1360 2602 δὴ
1392 2538 1578 2590 τέκνων

449 2629 548 2675 τῶν
578 2622 895 2689 ςΗρακλείων
928 2625 1131 2676 ἐνδίκως
1163 2626 1319 2675 αἰνεῖν
1350 2622 1466 2690 ἔχω.
1913 2628 1994 2678 485

451 2707 568 2772 ἡμῖν
599 2710 652 2759 δὲ
684 2706 830 2771 δόξας
861 2708 913 2759 εὖ
944 2711 1271 2775 προχωρῆσαι
1304 2707 1480 2773 δρόμος

381 2826 460 2874 458
490 2826 588 2876 ἀνὴρ
610 2824 643 2862 L
659 2824 692 2862 P
858 2824 940 2871 460
967 2823 1078 2875 τύχη
1100 2823 1209 2861 LP:
1239 2835 1344 2862 corr.
1370 2821 1560 2872 Elmsley
1750 2821 1826 2870 461
1859 2819 1994 2871 τήνδ’]

326 2880 442 2919 τῶνδ’
463 2880 732 2918 Valckenaer
881 2880 961 2927 462
990 2876 1134 2930 ψευδὲς
1156 2876 1306 2916 Nauck
1325 2891 1334 2915 ε
1362 2879 1504 2929 ψεῦδος
1527 2876 1560 2914 L
1575 2876 1609 2914 P
1757 2888 1838 2924 470
1866 2874 1996 2925 λύμης

326 2934 517 2983 Elmsley
664 2947 744 2983 472
774 2932 907 2981 βολήν
929 2933 961 2970 Ρ
1101 2944 1179 2982 477
1211 2932 1244 2972 θ’
1267 2930 1482 2979 Elmsley:
1514 2931 1549 2971 δ’
1572 2930 1606 2969 L
1622 2930 1656 2968 P
1794 2930 1876 2978 480
1903 2944 1996 2982 προ-

328 2990 471 3030 στατὶς
495 2988 816 3027 Rauchenstein
983 2988 1066 3035 486
1095 2986 1237 3038 δρόμος
1256 2986 1443 3034 Jacobs:
1473 2984 1592 3035 δόμος
1617 2984 1697 3023 LP
