2118 3366
751 120 1246 172 ΗΡΑΚΛΕΙΔΑΙ

166 251 260 312 Κη.
286 247 343 298 οὗ
370 248 630 313 βούλομαί
655 268 717 300 σε
746 249 969 314 πόλεμον
1001 250 1248 317 Ἀργείοις
1279 252 1433 318 ἔχειν.

167 336 261 394 Δη.
285 331 419 397 κάγὼ
448 335 683 386 τοιοῦτος·
727 336 883 385 τῶνδε
913 332 956 383 δ’
987 333 1045 384 οὐ
1073 332 1385 400 μεθήσομαι,
1430 402 1433 404 -
1459 401 1461 403 ¹

167 417 259 478 Κη.
286 413 387 478 ἄξω
418 436 477 482 γε
504 414 673 480 μέντοι
703 414 819 469 τοὺς
849 415 997 480 ἐμοὺς
1028 417 1125 483 ἐγὼ
1156 418 1351 488 λαβών.

167 503 262 562 Δη.
283 497 370 549 οὐκ
399 497 476 564 ἆρ’
507 500 558 552 ἐς
579 497 766 566 Ἀργος
792 499 972 568 ῥᾳδίως
1001 498 1116 552 ἄπει
1146 499 1314 552 πάλιν.
1343 510 1346 511 ’
1392 572 1395 574 μ

167 585 259 645 Κη.
285 582 588 647 πειρώμενος
618 582 677 646 δὴ
708 583 857 634 τοῦτό
884 582 931 650 γ’
962 583 1115 635 αὐτίκ’
1147 586 1361 649 εἵσομαι.

169 669 264 729 Δη.
287 665 472 716 κλαίων
505 664 579 732 ἄρ’
611 664 722 737 ἅψῃ
752 670 907 718 τῶνδε
939 666 1053 718 κούκ
1084 669 1135 720 ἐς
1166 667 1413 734 ἇμβολάς.

166 751 257 798 Χο.
289 747 356 813 μὴ
389 748 512 815 πρὸς
543 752 670 800 θεῶν
702 741 884 816 κήρυκα
913 749 1170 823 τολμήσῃς
1202 755 1377 804 θενεῖν.

168 828 266 895 Δηζ
285 833 328 883 εἷ
355 830 422 897 μή
453 831 500 898 γ’
532 833 558 882 ὁ
591 831 746 899 κῆρυξ
772 839 1056 901 σωφρονεῖν
1083 824 1379 901 μαθήσεται.

164 918 256 966 Χο.
288 913 493 967 ἄπελθε·
542 917 621 968 καὶ
653 916 717 968 σὺ
747 922 889 970 τοῦδε
916 918 983 983 μὴ
1015 920 1173 990 θίγῃς,
1208 917 1347 982 ἄναξ.

168 1002 261 1063 Κη.
289 1000 493 1067 στείχω·
538 1003 654 1065 μιᾶς
683 1002 779 1068 γὰρ
809 1002 977 1070 χειρὸς
1007 1002 1224 1067 ἀσθενὴς
1252 1003 1406 1071 μάχη.

289 1081 391 1147 ἥξω
423 1085 477 1134 δὲ
507 1083 705 1148 πολλὴν
727 1084 908 1151 Ἀρεος
937 1085 1164 1152 Ἀργείου
1193 1088 1372 1152 λαβὼν

290 1165 590 1233 πάγχαλκον
619 1168 807 1236 αἰχμὴν
830 1172 987 1235 δεῦρο.
1074 1172 1237 1236 μυρίοι
1266 1170 1321 1222 δέ
1347 1193 1410 1236 με

289 1249 526 1315 μένουσιν
557 1252 866 1318 ἆσπιστῆρες
898 1252 1181 1320 Εὐρυσθεύς
1211 1253 1253 1305 τ’
1283 1253 1413 1319 ἄναξ

291 1333 437 1387 αὐτὸς
468 1339 778 1402 στρατηγῶν·
824 1335 1072 1388 Ἀλκάθου
1104 1337 1146 1387 δ’
1179 1337 1255 1390 ἐπ’
1288 1337 1524 1405 ἐσχάτοις

294 1421 576 1484 καραδοκῶν
607 1418 842 1471 τάνθένδε
871 1419 1113 1486 τέρμασιν
1142 1420 1296 1486 μένει.

289 1501 518 1568 λαμπρὸς
549 1502 591 1553 δ’
622 1503 839 1556 ἀκούσας
869 1502 967 1567 σὴν
996 1506 1145 1571 ὕβριν
1178 1503 1462 1572 φανήσεται

293 1586 377 1637 σοὶ
407 1586 486 1637 καὶ
518 1588 747 1641 πολίταις
776 1595 841 1660 γῇ
871 1609 926 1639 τε
954 1591 1069 1661 τῇδε
1100 1589 1179 1640 καὶ
1212 1594 1402 1656 φυτοῖς·

290 1668 449 1734 μάτην
479 1672 573 1737 γὰρ
605 1671 740 1736 ἥβην
770 1670 867 1723 ὧδέ
894 1672 941 1739 γ’
973 1672 1034 1724 ἂν
1067 1675 1340 1745 κεκτῄμεθα

291 1753 487 1818 πολλὴν
519 1756 573 1806 ἐν
595 1753 788 1822 νΑργει,
820 1754 887 1821 μή
920 1778 981 1808 σε
1009 1759 1378 1823 τιμωρούμενοι.

169 1840 262 1901 Δη.
286 1838 507 1905 φθείρου·
554 1838 610 1890 τὸ
642 1839 735 1890 σὸν
764 1841 859 1906 γὰρ
881 1839 1070 1908 Ἀργος
1100 1841 1157 1891 οὐ
1186 1840 1362 1893 δέδοικ’
1396 1840 1510 1909 ἐγώ.

293 1920 490 1974 ἐνθένδε
520 1922 562 1973 δ’
594 1923 680 1973 οὐκ
711 1923 921 1988 ἔμελλες
951 1925 1195 1993 αἰσχύνας
1227 1927 1313 1990 ἐμὲ

289 2004 426 2070 ἄξειν
454 2007 548 2074 βίᾳ
578 2006 765 2058 τούσδ’·
812 2008 868 2059 οὐ
897 2010 993 2074 γὰρ
1023 2007 1266 2076 Ἀργείων
1297 2008 1443 2060 πόλει

290 2087 509 2153 ὑπήκοον
539 2089 673 2154 τήνδ’
705 2090 822 2142 ἀλλ’
854 2091 1122 2159 ἐλευθέραν
1154 2093 1270 2160 ἔχω.

167 2211 258 2260 Χο.
374 2208 476 2274 ὥρα
506 2214 752 2276 προνοεῖν,
786 2210 903 2277 πρὶν
932 2211 1065 2277 ὅροις
1094 2210 1316 2264 πελάσαι

377 2292 593 2359 στρατὸν
622 2293 880 2361 Ἀργείων·

375 2375 513 2442 μάλα
542 2377 586 2428 δ’
616 2376 730 2442 ὀξὺς
753 2377 910 2446 Ἀρης
941 2379 968 2428 ὁ
999 2380 1317 2444 Μυκηναίων,

379 2461 460 2513 ἐπὶ
491 2466 624 2528 τοῖσι
653 2465 707 2514 δὲ
738 2461 795 2526 δὴ
826 2466 1025 2528 μᾶλλον
1056 2462 1123 2514 ἔτ’
1156 2459 1186 2527 ἢ
1217 2464 1350 2531 πρίν.

378 2548 515 2597 πᾶσι
535 2547 630 2613 γὰρ
662 2546 804 2600 οὗτος
835 2545 1006 2613 κήρυξι
1033 2548 1199 2612 νόμος,
1360 2542 1362 2545 ’

380 2628 453 2683 δὶς
481 2630 611 2681 τόσα
641 2635 858 2698 πυργοῦν
887 2636 984 2682 τῶν
1014 2630 1341 2698 γιγνομένων.

343 2745 346 2748 -
380 2713 518 2775 πόσα
549 2735 625 2766 νιν
654 2712 822 2778 λέξειν
851 2719 1128 2780 βασιλεῦσι
1159 2719 1337 2774 δοκεῖς,

228 2839 304 2877 271
348 2826 475 2870 θένειν
504 2814 588 2869 [Ρ
799 2844 881 2882 279
917 2830 1089 2883 μένειὶε
1127 2831 1262 2884 μένειν
1293 2832 1374 2871 LP

1752 258 1832 310 265

1749 684 1831 727 270

1755 1099 1831 1146 275

1755 1510 1833 1552 280

1754 1932 1833 1980 285

1759 2397 1838 2437 290

1589 2833 1673 2874 2821
1707 2832 1834 2884 ἥβην]

174 2882 289 2935 ὕβριν
309 2881 344 2921 Ρ
497 2885 731 2936 κεκτῶμεθα
753 2885 786 2925 L
800 2886 858 2927 P:
890 2898 998 2925 corr.
1024 2885 1196 2925 Brunck
1407 2887 1489 2934 285
1522 2888 1679 2927 ἐνθένδε
1700 2888 1734 2928 δ’
1757 2887 1808 2927 L²
1827 2902 1836 2926 :

176 2935 326 2978 ἐνθένδ’
346 2937 382 2976 L
396 2937 430 2976 P
634 2941 716 2978 286
743 2939 865 2982 πόλιν
887 2940 1077 2990 Elmsley
1284 2941 1366 2989 289
1396 2939 1542 2979 Malim
1562 2939 1758 2994 Ἀργεῖον,
1784 2941 1837 2981 ob

174 3004 214 3030 v.
236 2998 486 3042 sequentem
