<?xml version="1.0" encoding="UTF-8"?>
<!DOCTYPE html PUBLIC "-//W3C//DTD XHTML 1.0 Transitional//EN"
    "http://www.w3.org/TR/xhtml1/DTD/xhtml1-transitional.dtd">
<html xmlns="http://www.w3.org/1999/xhtml" xml:lang="en" lang="en">
 <head>
  <title>
</title>
<meta http-equiv="Content-Type" content="text/html;charset=utf-8" />
  <meta name='ocr-system' content='tesseract 3.04.00' />
  <meta name='ocr-capabilities' content='ocr_page ocr_carea ocr_par ocr_line ocrx_word'/>
</head>
<body>
  <div class='ocr_page' id='page_1' title='image "./euripidistragoed01euriuoft_0345.png"; bbox 0 0 2118 3366; ppageno 0'>
   <div class='ocr_carea' id='block_1_1' title="bbox 960 132 1223 180">
    <p class='ocr_par' dir='ltr' id='par_1_1' title="bbox 960 132 1223 180">
     <span class='ocr_line' id='line_1_1' title="bbox 960 132 1223 180; baseline 0.004 -1"><span class='ocrx_word' id='word_1_1' title='bbox 960 132 1223 180; x_wconf 89' lang='lat' dir='ltr'><strong>EKABH</strong></span> 
     </span>
    </p>
   </div>
   <div class='ocr_carea' id='block_1_2' title="bbox 244 259 1928 2943">
    <p class='ocr_par' dir='ltr' id='par_1_2' title="bbox 244 259 1928 2943">
     <span class='ocr_line' id='line_1_2' title="bbox 259 259 1588 330; baseline 0.001 -17"><span class='ocrx_word' id='word_1_2' title='bbox 259 266 352 330; x_wconf 92' lang='lat' dir='ltr'>Ay.</span> <span class='ocrx_word' id='word_1_3' title='bbox 386 261 525 313; x_wconf 85' lang='grc' dir='ltr'>ἔστιν</span> <span class='ocrx_word' id='word_1_4' title='bbox 554 264 607 313; x_wconf 84' lang='grc' dir='ltr'>δὲ</span> <span class='ocrx_word' id='word_1_5' title='bbox 637 263 712 315; x_wconf 88' lang='grc' dir='ltr'>τίς</span> <span class='ocrx_word' id='word_1_6' title='bbox 743 266 848 313; x_wconf 98' lang='grc' dir='ltr'>σῶν</span> <span class='ocrx_word' id='word_1_7' title='bbox 879 261 1036 320; x_wconf 84' lang='grc' dir='ltr'>οὗτος,</span> <span class='ocrx_word' id='word_1_8' title='bbox 1072 259 1110 312; x_wconf 71' lang='grc' dir='ltr'><em>ὦ</em></span> <span class='ocrx_word' id='word_1_9' title='bbox 1141 265 1347 326; x_wconf 81' lang='grc' dir='ltr'>τλῆμον,</span> <span class='ocrx_word' id='word_1_10' title='bbox 1380 261 1588 323; x_wconf 88' lang='grc' dir='ltr'>τέκνων;</span> 
     </span>
     <span class='ocr_line' id='line_1_3' title="bbox 259 345 1470 415; baseline 0.001 -19"><span class='ocrx_word' id='word_1_11' title='bbox 259 349 351 396; x_wconf 92' lang='grc' dir='ltr'>Εκ.</span> <span class='ocrx_word' id='word_1_12' title='bbox 383 345 440 396; x_wconf 84' lang='grc' dir='ltr'>οὗ</span> <span class='ocrx_word' id='word_1_13' title='bbox 469 350 569 397; x_wconf 90' lang='grc' dir='ltr'>τῶν</span> <span class='ocrx_word' id='word_1_14' title='bbox 599 345 851 396; x_wconf 82' lang='grc' dir='ltr'>θανόντων</span> <span class='ocrx_word' id='word_1_15' title='bbox 882 348 1177 411; x_wconf 82' lang='grc' dir='ltr'>Πριαμιδῶν</span> <span class='ocrx_word' id='word_1_16' title='bbox 1207 345 1288 396; x_wconf 85' lang='grc' dir='ltr'>ὑπ’</span> <span class='ocrx_word' id='word_1_17' title='bbox 1320 345 1470 415; x_wconf 78' lang='grc' dir='ltr'>Ἰλίῳ.</span> 
     </span>
     <span class='ocr_line' id='line_1_4' title="bbox 260 425 1927 495; baseline 0.001 -16"><span class='ocrx_word' id='word_1_18' title='bbox 260 433 353 495; x_wconf 95' lang='grc' dir='ltr'>Αγ.</span> <span class='ocrx_word' id='word_1_19' title='bbox 388 427 419 493; x_wconf 87' lang='grc' dir='ltr'><em>ἧ</em></span> <span class='ocrx_word' id='word_1_20' title='bbox 450 427 544 495; x_wconf 85' lang='grc' dir='ltr'>γάρ</span> <span class='ocrx_word' id='word_1_21' title='bbox 574 428 666 480; x_wconf 80' lang='grc' dir='ltr'>τιν’</span> <span class='ocrx_word' id='word_1_22' title='bbox 697 427 857 480; x_wconf 85' lang='grc' dir='ltr'>ἄλλον</span> <span class='ocrx_word' id='word_1_23' title='bbox 888 428 1051 482; x_wconf 85' lang='grc' dir='ltr'>ἔτεκες</span> <span class='ocrx_word' id='word_1_24' title='bbox 1084 425 1113 492; x_wconf 86' lang='grc' dir='ltr'>ἢ</span> <span class='ocrx_word' id='word_1_25' title='bbox 1147 429 1351 487; x_wconf 83' lang='grc' dir='ltr'>κείνους,</span> <span class='ocrx_word' id='word_1_26' title='bbox 1384 430 1527 495; x_wconf 87' lang='grc' dir='ltr'>γύναι</span> <span class='ocrx_word' id='word_1_27' title='bbox 1536 451 1553 490; x_wconf 91' lang='lat'>,·</span> <span class='ocrx_word' id='word_1_28' title='bbox 1846 434 1927 486; x_wconf 88' lang='grc'>765</span> 
     </span>
     <span class='ocr_line' id='line_1_5' title="bbox 258 511 1464 582; baseline 0.001 -19"><span class='ocrx_word' id='word_1_29' title='bbox 258 515 349 563; x_wconf 91' lang='grc' dir='ltr'>Εκ.</span> <span class='ocrx_word' id='word_1_30' title='bbox 381 511 597 577; x_wconf 82' lang='grc' dir='ltr'>ἀνόνητά</span> <span class='ocrx_word' id='word_1_31' title='bbox 624 511 689 579; x_wconf 88' lang='grc' dir='ltr'>γ’,</span> <span class='ocrx_word' id='word_1_32' title='bbox 724 512 789 566; x_wconf 83' lang='grc' dir='ltr'>ὡς</span> <span class='ocrx_word' id='word_1_33' title='bbox 820 511 962 571; x_wconf 85' lang='grc' dir='ltr'>ἔοικε,</span> <span class='ocrx_word' id='word_1_34' title='bbox 1000 511 1131 564; x_wconf 84' lang='grc' dir='ltr'>τόνδ’</span> <span class='ocrx_word' id='word_1_35' title='bbox 1163 511 1219 563; x_wconf 84' lang='grc' dir='ltr'>ὃν</span> <span class='ocrx_word' id='word_1_36' title='bbox 1250 514 1464 582; x_wconf 75' lang='grc' dir='ltr'>εἰσορᾷς.</span> 
     </span>
     <span class='ocr_line' id='line_1_6' title="bbox 259 594 1550 664; baseline 0.003 -18"><span class='ocrx_word' id='word_1_37' title='bbox 259 600 352 663; x_wconf 92' lang='grc' dir='ltr'>Αγ.</span> <span class='ocrx_word' id='word_1_38' title='bbox 384 600 478 648; x_wconf 88' lang='grc' dir='ltr'>ποῦ</span> <span class='ocrx_word' id='word_1_39' title='bbox 509 595 551 646; x_wconf 89' lang='grc' dir='ltr'>δ’</span> <span class='ocrx_word' id='word_1_40' title='bbox 584 594 652 647; x_wconf 83' lang='grc' dir='ltr'>ὢν</span> <span class='ocrx_word' id='word_1_41' title='bbox 682 596 929 664; x_wconf 83' lang='grc' dir='ltr'>ἐτύγχαν’,</span> <span class='ocrx_word' id='word_1_42' title='bbox 967 596 1093 661; x_wconf 87' lang='grc' dir='ltr'>ἡνίκ’</span> <span class='ocrx_word' id='word_1_43' title='bbox 1126 597 1320 648; x_wconf 83' lang='grc' dir='ltr'>ὤλλυτο</span> <span class='ocrx_word' id='word_1_44' title='bbox 1351 598 1550 657; x_wconf 88' lang='grc' dir='ltr'>πτόλις,·</span> 
     </span>
     <span class='ocr_line' id='line_1_7' title="bbox 259 677 1441 748; baseline 0.001 -18"><span class='ocrx_word' id='word_1_45' title='bbox 259 683 349 731; x_wconf 90' lang='grc' dir='ltr'>Εκ.</span> <span class='ocrx_word' id='word_1_46' title='bbox 381 677 542 745; x_wconf 88' lang='grc' dir='ltr'>πατήρ</span> <span class='ocrx_word' id='word_1_47' title='bbox 572 701 649 732; x_wconf 94' lang='grc' dir='ltr'>νιν</span> <span class='ocrx_word' id='word_1_48' title='bbox 679 678 964 747; x_wconf 80' lang='grc' dir='ltr'>ἐξέπεμψεν</span> <span class='ocrx_word' id='word_1_49' title='bbox 998 682 1227 748; x_wconf 85' lang='grc' dir='ltr'>ὀρρωδῶν</span> <span class='ocrx_word' id='word_1_50' title='bbox 1260 684 1441 732; x_wconf 83' lang='grc' dir='ltr'>θανεῖν.</span> 
     </span>
     <span class='ocr_line' id='line_1_8' title="bbox 257 763 1597 832; baseline 0.001 -18"><span class='ocrx_word' id='word_1_51' title='bbox 257 767 351 831; x_wconf 92' lang='grc' dir='ltr'>Αγ.</span> <span class='ocrx_word' id='word_1_52' title='bbox 383 768 472 816; x_wconf 85' lang='grc' dir='ltr'>ποῖ</span> <span class='ocrx_word' id='word_1_53' title='bbox 497 768 597 815; x_wconf 91' lang='grc' dir='ltr'>τῶν</span> <span class='ocrx_word' id='word_1_54' title='bbox 627 763 729 815; x_wconf 88' lang='grc' dir='ltr'>τότ’</span> <span class='ocrx_word' id='word_1_55' title='bbox 760 766 918 816; x_wconf 85' lang='grc' dir='ltr'>ὄντων</span> <span class='ocrx_word' id='word_1_56' title='bbox 952 766 1176 832; x_wconf 84' lang='grc' dir='ltr'>χωρίσας</span> <span class='ocrx_word' id='word_1_57' title='bbox 1207 763 1391 816; x_wconf 89' lang='grc' dir='ltr'>τέκνων</span> <span class='ocrx_word' id='word_1_58' title='bbox 1420 766 1597 830; x_wconf 86' lang='grc' dir='ltr'>μόνον,·</span> 
     </span>
     <span class='ocr_line' id='line_1_9' title="bbox 257 845 1928 916; baseline 0.001 -18"><span class='ocrx_word' id='word_1_59' title='bbox 257 850 346 898; x_wconf 90' lang='grc' dir='ltr'>Εκ.</span> <span class='ocrx_word' id='word_1_60' title='bbox 379 849 430 900; x_wconf 86' lang='grc' dir='ltr'>ἐς</span> <span class='ocrx_word' id='word_1_61' title='bbox 458 845 606 911; x_wconf 87' lang='grc' dir='ltr'>τήνδε</span> <span class='ocrx_word' id='word_1_62' title='bbox 634 848 818 915; x_wconf 86' lang='grc' dir='ltr'>χώραν,</span> <span class='ocrx_word' id='word_1_63' title='bbox 853 848 1008 915; x_wconf 80' lang='grc' dir='ltr'>οὗπερ</span> <span class='ocrx_word' id='word_1_64' title='bbox 1037 848 1216 916; x_wconf 85' lang='grc' dir='ltr'>ηὑρέθη</span> <span class='ocrx_word' id='word_1_65' title='bbox 1251 849 1426 900; x_wconf 84' lang='grc' dir='ltr'>θανών.</span> <span class='ocrx_word' id='word_1_66' title='bbox 1847 864 1928 905; x_wconf 91' lang='lat'><strong>770</strong></span> 
     </span>
     <span class='ocr_line' id='line_1_10' title="bbox 257 930 1729 1000; baseline 0.003 -19"><span class='ocrx_word' id='word_1_67' title='bbox 257 933 350 998; x_wconf 93' lang='lat' dir='ltr'>Ay.</span> <span class='ocrx_word' id='word_1_68' title='bbox 383 930 504 998; x_wconf 87' lang='grc' dir='ltr'>πρὸς</span> <span class='ocrx_word' id='word_1_69' title='bbox 534 930 667 998; x_wconf 84' lang='grc' dir='ltr'>ἄνδρ’</span> <span class='ocrx_word' id='word_1_70' title='bbox 698 930 752 984; x_wconf 87' lang='grc' dir='ltr'>ὃς</span> <span class='ocrx_word' id='word_1_71' title='bbox 784 931 926 999; x_wconf 88' lang='grc' dir='ltr'>ἄρχει</span> <span class='ocrx_word' id='word_1_72' title='bbox 959 935 1114 996; x_wconf 86' lang='grc' dir='ltr'>τῆσδε</span> <span class='ocrx_word' id='word_1_73' title='bbox 1144 932 1495 999; x_wconf 86' lang='grc' dir='ltr'>Πολυμήστωρ</span> <span class='ocrx_word' id='word_1_74' title='bbox 1525 934 1729 1000; x_wconf 89' lang='grc' dir='ltr'>χθονός;</span> 
     </span>
     <span class='ocr_line' id='line_1_11' title="bbox 257 1014 1598 1083; baseline 0.001 -18"><span class='ocrx_word' id='word_1_75' title='bbox 257 1018 346 1066; x_wconf 89' lang='grc' dir='ltr'>Εκ.</span> <span class='ocrx_word' id='word_1_76' title='bbox 379 1014 572 1066; x_wconf 88' lang='grc' dir='ltr'>ἐνταῦθ’</span> <span class='ocrx_word' id='word_1_77' title='bbox 603 1014 834 1082; x_wconf 83' lang='grc' dir='ltr'>ἐπέμφθη</span> <span class='ocrx_word' id='word_1_78' title='bbox 867 1014 1164 1082; x_wconf 86' lang='grc' dir='ltr'>πικροτάτου</span> <span class='ocrx_word' id='word_1_79' title='bbox 1192 1021 1384 1083; x_wconf 80' lang='grc' dir='ltr'>χρυσοῦ</span> <span class='ocrx_word' id='word_1_80' title='bbox 1414 1015 1598 1083; x_wconf 81' lang='grc' dir='ltr'>φύλαξ.</span> 
     </span>
     <span class='ocr_line' id='line_1_12' title="bbox 255 1098 1651 1170; baseline 0.002 -21"><span class='ocrx_word' id='word_1_81' title='bbox 255 1102 348 1166; x_wconf 90' lang='grc' dir='ltr'>Αγ.</span> <span class='ocrx_word' id='word_1_82' title='bbox 382 1100 587 1170; x_wconf 82' lang='grc' dir='ltr'>θνῄσκει</span> <span class='ocrx_word' id='word_1_83' title='bbox 617 1101 671 1151; x_wconf 79' lang='grc' dir='ltr'>δὲ</span> <span class='ocrx_word' id='word_1_84' title='bbox 700 1098 823 1166; x_wconf 89' lang='grc' dir='ltr'>πρὸς</span> <span class='ocrx_word' id='word_1_85' title='bbox 852 1104 939 1150; x_wconf 93' lang='grc' dir='ltr'>τοῦ</span> <span class='ocrx_word' id='word_1_86' title='bbox 973 1100 1051 1150; x_wconf 88' lang='grc' dir='ltr'>καὶ</span> <span class='ocrx_word' id='word_1_87' title='bbox 1082 1101 1216 1153; x_wconf 87' lang='grc' dir='ltr'>τίνος</span> <span class='ocrx_word' id='word_1_88' title='bbox 1245 1101 1434 1165; x_wconf 88' lang='grc' dir='ltr'>πότμου</span> <span class='ocrx_word' id='word_1_89' title='bbox 1463 1101 1651 1167; x_wconf 81' lang='grc' dir='ltr'>τυχών;</span> 
     </span>
     <span class='ocr_line' id='line_1_13' title="bbox 257 1182 1602 1255; baseline 0.002 -23"><span class='ocrx_word' id='word_1_90' title='bbox 257 1185 346 1233; x_wconf 89' lang='grc' dir='ltr'>Εκ.</span> <span class='ocrx_word' id='word_1_91' title='bbox 379 1184 512 1236; x_wconf 88' lang='grc' dir='ltr'>τίνος</span> <span class='ocrx_word' id='word_1_92' title='bbox 543 1182 590 1250; x_wconf 87' lang='grc' dir='ltr'>γ’</span> <span class='ocrx_word' id='word_1_93' title='bbox 622 1182 704 1234; x_wconf 85' lang='grc' dir='ltr'>ὑπ’</span> <span class='ocrx_word' id='word_1_94' title='bbox 735 1182 920 1243; x_wconf 84' lang='grc' dir='ltr'>ἄλλου,·</span> <span class='ocrx_word' id='word_1_95' title='bbox 971 1183 1120 1255; x_wconf 83' lang='grc' dir='ltr'>Θρῄξ</span> <span class='ocrx_word' id='word_1_96' title='bbox 1143 1206 1221 1235; x_wconf 94' lang='grc' dir='ltr'>νιν</span> <span class='ocrx_word' id='word_1_97' title='bbox 1252 1184 1415 1236; x_wconf 87' lang='grc' dir='ltr'>ὤλεσε</span> <span class='ocrx_word' id='word_1_98' title='bbox 1447 1183 1602 1248; x_wconf 78' lang='grc' dir='ltr'>ξένος.</span> 
     </span>
     <span class='ocr_line' id='line_1_14' title="bbox 255 1263 1925 1335; baseline 0.002 -19"><span class='ocrx_word' id='word_1_99' title='bbox 255 1270 348 1333; x_wconf 90' lang='lat' dir='ltr'>Ay.</span> <span class='ocrx_word' id='word_1_100' title='bbox 380 1263 418 1316; x_wconf 69' lang='grc' dir='ltr'>ὦ</span> <span class='ocrx_word' id='word_1_101' title='bbox 449 1269 658 1332; x_wconf 86' lang='grc' dir='ltr'>τλῆμον·</span> <span class='ocrx_word' id='word_1_102' title='bbox 703 1267 734 1332; x_wconf 84' lang='grc' dir='ltr'><em>ἧ</em></span> <span class='ocrx_word' id='word_1_103' title='bbox 765 1289 860 1319; x_wconf 92' lang='grc' dir='ltr'>που</span> <span class='ocrx_word' id='word_1_104' title='bbox 892 1267 1083 1335; x_wconf 89' lang='grc' dir='ltr'>χρυσὸν</span> <span class='ocrx_word' id='word_1_105' title='bbox 1113 1266 1307 1333; x_wconf 86' lang='grc' dir='ltr'>ἠράσθη</span> <span class='ocrx_word' id='word_1_106' title='bbox 1339 1273 1547 1333; x_wconf 84' lang='grc' dir='ltr'>λαβεῖν;</span> <span class='ocrx_word' id='word_1_107' title='bbox 1845 1284 1925 1326; x_wconf 92' lang='grc'>775</span> 
     </span>
     <span class='ocr_line' id='line_1_15' title="bbox 255 1349 1502 1418; baseline 0.002 -18"><span class='ocrx_word' id='word_1_108' title='bbox 255 1354 343 1402; x_wconf 90' lang='grc' dir='ltr'>Εκ.</span> <span class='ocrx_word' id='word_1_109' title='bbox 377 1349 576 1409; x_wconf 82' lang='grc' dir='ltr'>τοιαῦτ’,</span> <span class='ocrx_word' id='word_1_110' title='bbox 611 1350 780 1415; x_wconf 81' lang='grc' dir='ltr'>ἐπειδὴ</span> <span class='ocrx_word' id='word_1_111' title='bbox 819 1353 1086 1418; x_wconf 77' lang='grc' dir='ltr'>συμφορὰν</span> <span class='ocrx_word' id='word_1_112' title='bbox 1117 1351 1243 1418; x_wconf 82' lang='grc' dir='ltr'>ἔγνω</span> <span class='ocrx_word' id='word_1_113' title='bbox 1276 1356 1502 1418; x_wconf 84' lang='grc' dir='ltr'>Φρυγῶν.</span> 
     </span>
     <span class='ocr_line' id='line_1_16' title="bbox 254 1431 1514 1502; baseline 0.002 -18"><span class='ocrx_word' id='word_1_114' title='bbox 254 1438 346 1501; x_wconf 93' lang='grc' dir='ltr'>Αγ.</span> <span class='ocrx_word' id='word_1_115' title='bbox 378 1434 522 1501; x_wconf 86' lang='grc' dir='ltr'>ηὗρες</span> <span class='ocrx_word' id='word_1_116' title='bbox 553 1437 607 1487; x_wconf 80' lang='grc' dir='ltr'>δὲ</span> <span class='ocrx_word' id='word_1_117' title='bbox 638 1439 733 1487; x_wconf 88' lang='grc' dir='ltr'>ποῦ</span> <span class='ocrx_word' id='word_1_118' title='bbox 762 1456 865 1495; x_wconf 90' lang='grc' dir='ltr'>νιν,·</span> <span class='ocrx_word' id='word_1_119' title='bbox 913 1431 943 1499; x_wconf 83' lang='grc' dir='ltr'>ἢ</span> <span class='ocrx_word' id='word_1_120' title='bbox 974 1436 1048 1488; x_wconf 87' lang='grc' dir='ltr'>τίς</span> <span class='ocrx_word' id='word_1_121' title='bbox 1079 1435 1288 1502; x_wconf 85' lang='grc' dir='ltr'>ἤνεγκεν</span> <span class='ocrx_word' id='word_1_122' title='bbox 1318 1437 1514 1502; x_wconf 88' lang='grc' dir='ltr'>νεκρόν,·</span> 
     </span>
     <span class='ocr_line' id='line_1_17' title="bbox 254 1518 1323 1586; baseline 0.002 -18"><span class='ocrx_word' id='word_1_123' title='bbox 254 1522 341 1569; x_wconf 92' lang='grc' dir='ltr'>Εκ.</span> <span class='ocrx_word' id='word_1_124' title='bbox 373 1518 465 1582; x_wconf 87' lang='grc' dir='ltr'>ἥδ’,</span> <span class='ocrx_word' id='word_1_125' title='bbox 499 1520 778 1586; x_wconf 82' lang='grc' dir='ltr'>ἐντυχοῦσα</span> <span class='ocrx_word' id='word_1_126' title='bbox 810 1521 1017 1572; x_wconf 91' lang='grc' dir='ltr'>ποντίας</span> <span class='ocrx_word' id='word_1_127' title='bbox 1048 1520 1197 1583; x_wconf 88' lang='grc' dir='ltr'>ἆκτῆς</span> <span class='ocrx_word' id='word_1_128' title='bbox 1228 1520 1323 1571; x_wconf 87' lang='grc' dir='ltr'>ἔπι.</span> 
     </span>
     <span class='ocr_line' id='line_1_18' title="bbox 252 1599 1543 1669; baseline 0.003 -17"><span class='ocrx_word' id='word_1_129' title='bbox 252 1606 346 1669; x_wconf 92' lang='grc' dir='ltr'>Αγ.</span> <span class='ocrx_word' id='word_1_130' title='bbox 376 1607 549 1654; x_wconf 88' lang='grc' dir='ltr'>τοῦτον</span> <span class='ocrx_word' id='word_1_131' title='bbox 579 1603 843 1668; x_wconf 86' lang='grc' dir='ltr'>ματεύουσ’</span> <span class='ocrx_word' id='word_1_132' title='bbox 877 1599 907 1667; x_wconf 87' lang='grc' dir='ltr'>ἢ</span> <span class='ocrx_word' id='word_1_133' title='bbox 938 1603 1145 1656; x_wconf 86' lang='grc' dir='ltr'>πονοῦσ’</span> <span class='ocrx_word' id='word_1_134' title='bbox 1177 1603 1336 1655; x_wconf 81' lang='grc' dir='ltr'>ἄλλον</span> <span class='ocrx_word' id='word_1_135' title='bbox 1365 1605 1543 1664; x_wconf 88' lang='grc' dir='ltr'>πόνον,·</span> 
     </span>
     <span class='ocr_line' id='line_1_19' title="bbox 253 1685 1925 1761; baseline -0.001 -24"><span class='ocrx_word' id='word_1_136' title='bbox 253 1690 342 1738; x_wconf 90' lang='grc' dir='ltr'>Εκ.</span> <span class='ocrx_word' id='word_1_137' title='bbox 373 1686 538 1754; x_wconf 86' lang='grc' dir='ltr'>λούτρ’</span> <span class='ocrx_word' id='word_1_138' title='bbox 573 1685 713 1757; x_wconf 82' lang='grc' dir='ltr'>ᾤχετ’</span> <span class='ocrx_word' id='word_1_139' title='bbox 749 1687 945 1739; x_wconf 85' lang='grc' dir='ltr'>οἵσουσ’</span> <span class='ocrx_word' id='word_1_140' title='bbox 980 1686 1039 1751; x_wconf 84' lang='grc' dir='ltr'>ἐξ</span> <span class='ocrx_word' id='word_1_141' title='bbox 1067 1687 1188 1740; x_wconf 83' lang='grc' dir='ltr'>ἁλὸς</span> <span class='ocrx_word' id='word_1_142' title='bbox 1219 1686 1499 1761; x_wconf 80' lang='grc' dir='ltr'>Πολυξένῃ.</span> <span class='ocrx_word' id='word_1_143' title='bbox 1843 1696 1925 1745; x_wconf 92' lang='lat'>780</span> 
     </span>
     <span class='ocr_line' id='line_1_20' title="bbox 251 1770 1473 1838; baseline 0.002 -18"><span class='ocrx_word' id='word_1_144' title='bbox 251 1773 345 1838; x_wconf 93' lang='lat' dir='ltr'>Ay.</span> <span class='ocrx_word' id='word_1_145' title='bbox 378 1771 569 1823; x_wconf 83' lang='grc' dir='ltr'>κτανών</span> <span class='ocrx_word' id='word_1_146' title='bbox 599 1793 692 1830; x_wconf 91' lang='grc' dir='ltr'>νιν,</span> <span class='ocrx_word' id='word_1_147' title='bbox 731 1771 795 1824; x_wconf 85' lang='grc' dir='ltr'>ὡς</span> <span class='ocrx_word' id='word_1_148' title='bbox 826 1771 1001 1829; x_wconf 81' lang='grc' dir='ltr'>ἔοικεν,</span> <span class='ocrx_word' id='word_1_149' title='bbox 1041 1770 1285 1837; x_wconf 82' lang='grc' dir='ltr'>ἐκβάλλει</span> <span class='ocrx_word' id='word_1_150' title='bbox 1315 1770 1473 1835; x_wconf 80' lang='grc' dir='ltr'>ξένος.</span> 
     </span>
     <span class='ocr_line' id='line_1_21' title="bbox 244 1855 1542 1923; baseline 0.002 -18"><span class='ocrx_word' id='word_1_151' title='bbox 244 1857 340 1905; x_wconf 86' lang='grc' dir='ltr'>Ἐκ.</span> <span class='ocrx_word' id='word_1_152' title='bbox 374 1856 871 1923; x_wconf 90' lang='grc' dir='ltr'>θαλασσόπλαγκτόν</span> <span class='ocrx_word' id='word_1_153' title='bbox 901 1855 964 1922; x_wconf 82' lang='grc' dir='ltr'>γ’,</span> <span class='ocrx_word' id='word_1_154' title='bbox 1002 1857 1099 1907; x_wconf 78' lang='grc' dir='ltr'>ὧδε</span> <span class='ocrx_word' id='word_1_155' title='bbox 1129 1857 1370 1921; x_wconf 88' lang='grc' dir='ltr'>διατεμὼν</span> <span class='ocrx_word' id='word_1_156' title='bbox 1398 1857 1542 1923; x_wconf 89' lang='grc' dir='ltr'>χρόα.</span> 
     </span>
     <span class='ocr_line' id='line_1_22' title="bbox 250 1936 1415 2007; baseline 0.003 -19"><span class='ocrx_word' id='word_1_157' title='bbox 250 1942 344 2006; x_wconf 89' lang='grc' dir='ltr'>Αγ.</span> <span class='ocrx_word' id='word_1_158' title='bbox 376 1936 414 1989; x_wconf 67' lang='grc' dir='ltr'><em>ὦ</em></span> <span class='ocrx_word' id='word_1_159' title='bbox 446 1941 661 2007; x_wconf 90' lang='grc' dir='ltr'>σχετλία</span> <span class='ocrx_word' id='word_1_160' title='bbox 693 1939 756 1990; x_wconf 85' lang='grc' dir='ltr'>σὺ</span> <span class='ocrx_word' id='word_1_161' title='bbox 787 1944 885 1991; x_wconf 87' lang='grc' dir='ltr'>τῶν</span> <span class='ocrx_word' id='word_1_162' title='bbox 919 1938 1204 2006; x_wconf 88' lang='grc' dir='ltr'>ἆμετρήτων</span> <span class='ocrx_word' id='word_1_163' title='bbox 1234 1941 1415 1992; x_wconf 90' lang='grc' dir='ltr'>πόνων.</span> 
     </span>
     <span class='ocr_line' id='line_1_23' title="bbox 250 2022 1552 2090; baseline 0.002 -17"><span class='ocrx_word' id='word_1_164' title='bbox 250 2025 338 2074; x_wconf 88' lang='grc' dir='ltr'>Εκ.</span> <span class='ocrx_word' id='word_1_165' title='bbox 373 2025 544 2075; x_wconf 84' lang='grc' dir='ltr'>ὄλωλα</span> <span class='ocrx_word' id='word_1_166' title='bbox 574 2023 746 2075; x_wconf 79' lang='grc' dir='ltr'>κούδὲν</span> <span class='ocrx_word' id='word_1_167' title='bbox 776 2025 974 2082; x_wconf 89' lang='grc' dir='ltr'>λοιπόν,</span> <span class='ocrx_word' id='word_1_168' title='bbox 1008 2022 1339 2090; x_wconf 88' lang='grc' dir='ltr'>Ἀγάμεμνον,</span> <span class='ocrx_word' id='word_1_169' title='bbox 1376 2030 1552 2076; x_wconf 90' lang='grc' dir='ltr'>κακῶν.</span> 
     </span>
     <span class='ocr_line' id='line_1_24' title="bbox 249 2107 1920 2175; baseline -0.001 -18"><span class='ocrx_word' id='word_1_170' title='bbox 249 2110 343 2174; x_wconf 91' lang='grc' dir='ltr'>Αγ.</span> <span class='ocrx_word' id='word_1_171' title='bbox 376 2112 473 2174; x_wconf 93' lang='grc' dir='ltr'>φεῦ</span> <span class='ocrx_word' id='word_1_172' title='bbox 503 2112 614 2174; x_wconf 85' lang='grc' dir='ltr'>φεῦ·</span> <span class='ocrx_word' id='word_1_173' title='bbox 661 2109 736 2161; x_wconf 92' lang='grc' dir='ltr'>τίς</span> <span class='ocrx_word' id='word_1_174' title='bbox 767 2109 893 2159; x_wconf 84' lang='grc' dir='ltr'>οὕτω</span> <span class='ocrx_word' id='word_1_175' title='bbox 927 2107 1176 2175; x_wconf 84' lang='grc' dir='ltr'>δυστυχὴς</span> <span class='ocrx_word' id='word_1_176' title='bbox 1209 2108 1305 2174; x_wconf 81' lang='grc' dir='ltr'>ἔφυ</span> <span class='ocrx_word' id='word_1_177' title='bbox 1335 2108 1482 2174; x_wconf 89' lang='grc' dir='ltr'>γυνή;</span> <span class='ocrx_word' id='word_1_178' title='bbox 1844 2116 1920 2167; x_wconf 82' lang='lat'><strong>785</strong></span> 
     </span>
     <span class='ocr_line' id='line_1_25' title="bbox 252 2191 1547 2259; baseline 0.002 -19"><span class='ocrx_word' id='word_1_179' title='bbox 252 2193 340 2243; x_wconf 90' lang='grc' dir='ltr'>Εκ.</span> <span class='ocrx_word' id='word_1_180' title='bbox 374 2191 460 2242; x_wconf 83' lang='grc' dir='ltr'>οὐκ</span> <span class='ocrx_word' id='word_1_181' title='bbox 491 2192 648 2250; x_wconf 84' lang='grc' dir='ltr'>ἔστιν,</span> <span class='ocrx_word' id='word_1_182' title='bbox 686 2194 727 2243; x_wconf 83' lang='grc' dir='ltr'>εἰ</span> <span class='ocrx_word' id='word_1_183' title='bbox 755 2192 822 2257; x_wconf 83' lang='grc' dir='ltr'>μὴ</span> <span class='ocrx_word' id='word_1_184' title='bbox 855 2191 945 2255; x_wconf 81' lang='grc' dir='ltr'>τὴν</span> <span class='ocrx_word' id='word_1_185' title='bbox 975 2192 1149 2259; x_wconf 88' lang='grc' dir='ltr'>Τύχην</span> <span class='ocrx_word' id='word_1_186' title='bbox 1180 2192 1331 2255; x_wconf 78' lang='grc' dir='ltr'>αὐτὴν</span> <span class='ocrx_word' id='word_1_187' title='bbox 1362 2192 1547 2259; x_wconf 91' lang='grc' dir='ltr'>λέγοις.</span> 
     </span>
     <span class='ocr_line' id='line_1_26' title="bbox 458 2275 1593 2343; baseline 0.001 -17"><span class='ocrx_word' id='word_1_188' title='bbox 458 2275 574 2327; x_wconf 85' lang='grc' dir='ltr'>ἀλλ’</span> <span class='ocrx_word' id='word_1_189' title='bbox 604 2277 768 2343; x_wconf 84' lang='grc' dir='ltr'>ὧνπερ</span> <span class='ocrx_word' id='word_1_190' title='bbox 801 2276 960 2328; x_wconf 83' lang='grc' dir='ltr'>οὕνεκ’</span> <span class='ocrx_word' id='word_1_191' title='bbox 993 2276 1122 2343; x_wconf 84' lang='grc' dir='ltr'>ἀμφὶ</span> <span class='ocrx_word' id='word_1_192' title='bbox 1155 2275 1248 2327; x_wconf 86' lang='grc' dir='ltr'>σὸν</span> <span class='ocrx_word' id='word_1_193' title='bbox 1279 2278 1441 2327; x_wconf 90' lang='grc' dir='ltr'>πίπτω</span> <span class='ocrx_word' id='word_1_194' title='bbox 1472 2278 1593 2343; x_wconf 88' lang='grc' dir='ltr'>γόνυ</span> 
     </span>
     <span class='ocr_line' id='line_1_27' title="bbox 372 2358 1507 2425; baseline 0 -15"><span class='ocrx_word' id='word_1_195' title='bbox 372 2358 604 2411; x_wconf 85' lang='grc' dir='ltr'>ἄκουσον.</span> <span class='ocrx_word' id='word_1_196' title='bbox 694 2362 737 2412; x_wconf 86' lang='grc' dir='ltr'>εἷ</span> <span class='ocrx_word' id='word_1_197' title='bbox 765 2362 859 2425; x_wconf 79' lang='grc' dir='ltr'>μὲν</span> <span class='ocrx_word' id='word_1_198' title='bbox 892 2360 1010 2411; x_wconf 84' lang='grc' dir='ltr'>ὅσιά</span> <span class='ocrx_word' id='word_1_199' title='bbox 1042 2381 1126 2411; x_wconf 93' lang='grc' dir='ltr'>σοι</span> <span class='ocrx_word' id='word_1_200' title='bbox 1156 2363 1332 2411; x_wconf 85' lang='grc' dir='ltr'>παθεῖν</span> <span class='ocrx_word' id='word_1_201' title='bbox 1364 2364 1507 2418; x_wconf 91' lang='grc' dir='ltr'>δοκῶ,</span> 
     </span>
     <span class='ocr_line' id='line_1_28' title="bbox 373 2443 1623 2511; baseline 0.001 -17"><span class='ocrx_word' id='word_1_202' title='bbox 373 2443 626 2511; x_wconf 87' lang='grc' dir='ltr'>στέργοιμ’</span> <span class='ocrx_word' id='word_1_203' title='bbox 656 2443 733 2496; x_wconf 86' lang='grc' dir='ltr'>ἄν·</span> <span class='ocrx_word' id='word_1_204' title='bbox 781 2446 824 2496; x_wconf 83' lang='grc' dir='ltr'>εἰ</span> <span class='ocrx_word' id='word_1_205' title='bbox 857 2447 910 2496; x_wconf 78' lang='grc' dir='ltr'>δὲ</span> <span class='ocrx_word' id='word_1_206' title='bbox 940 2444 1233 2509; x_wconf 79' lang='grc' dir='ltr'>τοῦμπαλιν,</span> <span class='ocrx_word' id='word_1_207' title='bbox 1268 2444 1334 2495; x_wconf 94' lang='grc' dir='ltr'>σύ</span> <span class='ocrx_word' id='word_1_208' title='bbox 1361 2465 1446 2508; x_wconf 91' lang='grc' dir='ltr'>μοι</span> <span class='ocrx_word' id='word_1_209' title='bbox 1476 2448 1623 2511; x_wconf 89' lang='grc' dir='ltr'>γενοῦ</span> 
     </span>
     <span class='ocr_line' id='line_1_29' title="bbox 370 2527 1916 2594; baseline 0.001 -15"><span class='ocrx_word' id='word_1_210' title='bbox 370 2528 581 2594; x_wconf 87' lang='grc' dir='ltr'>τιμωρὸς</span> <span class='ocrx_word' id='word_1_211' title='bbox 613 2529 803 2594; x_wconf 83' lang='grc' dir='ltr'>ἀνδρός,</span> <span class='ocrx_word' id='word_1_212' title='bbox 839 2527 1179 2580; x_wconf 83' lang='grc' dir='ltr'>ἀνοσιωτάτου</span> <span class='ocrx_word' id='word_1_213' title='bbox 1210 2527 1368 2592; x_wconf 79' lang='grc' dir='ltr'>ξένου,</span> <span class='ocrx_word' id='word_1_214' title='bbox 1835 2540 1916 2586; x_wconf 86' lang='lat'><strong>&#39;790</strong></span> 
     </span>
     <span class='ocr_line' id='line_1_30' title="bbox 371 2610 1456 2679; baseline 0 -17"><span class='ocrx_word' id='word_1_215' title='bbox 371 2610 424 2664; x_wconf 84' lang='grc' dir='ltr'>ὃς</span> <span class='ocrx_word' id='word_1_216' title='bbox 455 2612 568 2664; x_wconf 84' lang='grc' dir='ltr'>οὔτε</span> <span class='ocrx_word' id='word_1_217' title='bbox 596 2612 710 2665; x_wconf 85' lang='grc' dir='ltr'>τοὺς</span> <span class='ocrx_word' id='word_1_218' title='bbox 740 2616 833 2679; x_wconf 90' lang='grc' dir='ltr'>γῆς</span> <span class='ocrx_word' id='word_1_219' title='bbox 863 2611 1035 2678; x_wconf 88' lang='grc' dir='ltr'>νέρθεν</span> <span class='ocrx_word' id='word_1_220' title='bbox 1066 2612 1179 2663; x_wconf 81' lang='grc' dir='ltr'>οὔτε</span> <span class='ocrx_word' id='word_1_221' title='bbox 1208 2612 1323 2665; x_wconf 83' lang='grc' dir='ltr'>τοὺς</span> <span class='ocrx_word' id='word_1_222' title='bbox 1355 2611 1456 2663; x_wconf 86' lang='grc' dir='ltr'>ἄνω</span> 
     </span>
     <span class='ocr_line' id='line_1_31' title="bbox 299 2726 1915 2781; baseline 0.001 -15"><span class='ocrx_word' id='word_1_223' title='bbox 299 2728 378 2777; x_wconf 89' lang='lat'>767</span> <span class='ocrx_word' id='word_1_224' title='bbox 411 2727 530 2770; x_wconf 82' lang='grc' dir='ltr'>πόλις</span> <span class='ocrx_word' id='word_1_225' title='bbox 550 2727 639 2767; x_wconf 94' lang='lat' dir='ltr'>AL</span> <span class='ocrx_word' id='word_1_226' title='bbox 834 2741 912 2777; x_wconf 87' lang='lat'>773</span> <span class='ocrx_word' id='word_1_227' title='bbox 940 2728 1037 2781; x_wconf 81' lang='grc' dir='ltr'>πρὸς</span> <span class='ocrx_word' id='word_1_228' title='bbox 1062 2726 1199 2775; x_wconf 80' lang='grc' dir='ltr'>τοῦδ’,·</span> <span class='ocrx_word' id='word_1_229' title='bbox 1237 2729 1262 2777; x_wconf 80' lang='grc' dir='ltr'>ἢ</span> <span class='ocrx_word' id='word_1_230' title='bbox 1283 2728 1399 2767; x_wconf 88' lang='lat' dir='ltr'>Weil</span> <span class='ocrx_word' id='word_1_231' title='bbox 1627 2740 1703 2777; x_wconf 90' lang='lat'>774</span> <span class='ocrx_word' id='word_1_232' title='bbox 1736 2727 1778 2780; x_wconf 77' lang='grc' dir='ltr'>γ’</span> <span class='ocrx_word' id='word_1_233' title='bbox 1801 2734 1915 2778; x_wconf 85' lang='lat' dir='ltr'>post-</span> 
     </span>
     <span class='ocr_line' id='line_1_32' title="bbox 244 2782 1915 2836; baseline 0.002 -16"><span class='ocrx_word' id='word_1_234' title='bbox 244 2782 414 2821; x_wconf 87' lang='lat' dir='ltr'>modum</span> <span class='ocrx_word' id='word_1_235' title='bbox 450 2783 547 2822; x_wconf 89' lang='lat' dir='ltr'><strong>add.</strong></span> <span class='ocrx_word' id='word_1_236' title='bbox 587 2782 705 2821; x_wconf 85' lang='lat' dir='ltr'>A¹L¹</span> <span class='ocrx_word' id='word_1_237' title='bbox 866 2785 976 2824; x_wconf 86' lang='grc' dir='ltr'>τίνος</span> <span class='ocrx_word' id='word_1_238' title='bbox 1015 2784 1110 2836; x_wconf 79' lang='grc' dir='ltr'>πρὸς</span> <span class='ocrx_word' id='word_1_239' title='bbox 1146 2783 1310 2821; x_wconf 86' lang='lat' dir='ltr'>Porson</span> <span class='ocrx_word' id='word_1_240' title='bbox 1559 2785 1637 2831; x_wconf 89' lang='lat'>776</span> <span class='ocrx_word' id='word_1_241' title='bbox 1677 2783 1793 2823; x_wconf 83' lang='grc' dir='ltr'>ταῦτ’</span> <span class='ocrx_word' id='word_1_242' title='bbox 1828 2782 1915 2824; x_wconf 81' lang='grc' dir='ltr'>αὕτ’</span> 
     </span>
     <span class='ocr_line' id='line_1_33' title="bbox 245 2835 1914 2888; baseline 0.001 -13"><span class='ocrx_word' id='word_1_243' title='bbox 245 2835 435 2887; x_wconf 85' lang='lat' dir='ltr'><strong>Blaydes</strong></span> <span class='ocrx_word' id='word_1_244' title='bbox 668 2838 746 2887; x_wconf 89' lang='lat'>778</span> <span class='ocrx_word' id='word_1_245' title='bbox 790 2837 887 2878; x_wconf 82' lang='grc' dir='ltr'>ἁλὸς</span> <span class='ocrx_word' id='word_1_246' title='bbox 928 2837 992 2877; x_wconf 80' lang='grc' dir='ltr'>ἔπι</span> <span class='ocrx_word' id='word_1_247' title='bbox 1022 2837 1056 2875; x_wconf 94' lang='lat' dir='ltr'>L</span> <span class='ocrx_word' id='word_1_248' title='bbox 1075 2837 1108 2875; x_wconf 90' lang='lat' dir='ltr'>P</span> <span class='ocrx_word' id='word_1_249' title='bbox 1357 2839 1436 2886; x_wconf 89' lang='lat'><strong>780</strong></span> <span class='ocrx_word' id='word_1_250' title='bbox 1481 2839 1523 2888; x_wconf 81' lang='grc' dir='ltr'>ἐξ</span> <span class='ocrx_word' id='word_1_251' title='bbox 1554 2837 1653 2878; x_wconf 82' lang='grc' dir='ltr'>ἁλὸς</span> <span class='ocrx_word' id='word_1_252' title='bbox 1682 2839 1850 2878; x_wconf 60' lang='lat' dir='ltr'>oso-ouem</span> <span class='ocrx_word' id='word_1_253' title='bbox 1879 2838 1914 2876; x_wconf 93' lang='lat' dir='ltr'>L</span> 
     </span>
     <span class='ocr_line' id='line_1_34' title="bbox 244 2890 1911 2943; baseline 0.001 -14"><span class='ocrx_word' id='word_1_254' title='bbox 244 2891 322 2939; x_wconf 88' lang='lat'><strong>782</strong></span> <span class='ocrx_word' id='word_1_255' title='bbox 362 2890 736 2933; x_wconf 83' lang='grc' dir='ltr'>θαλασσόπλακτον</span> <span class='ocrx_word' id='word_1_256' title='bbox 767 2891 809 2930; x_wconf 95' lang='grc' dir='ltr'><strong>Μ</strong></span> <span class='ocrx_word' id='word_1_257' title='bbox 830 2891 911 2930; x_wconf 91' lang='lat' dir='ltr'>LP</span> <span class='ocrx_word' id='word_1_258' title='bbox 1140 2893 1218 2940; x_wconf 90' lang='lat'>784</span> <span class='ocrx_word' id='word_1_259' title='bbox 1249 2893 1374 2932; x_wconf 82' lang='grc' dir='ltr'>κακὸν</span> <span class='ocrx_word' id='word_1_260' title='bbox 1405 2892 1438 2930; x_wconf 93' lang='lat' dir='ltr'><strong>L</strong></span> <span class='ocrx_word' id='word_1_261' title='bbox 1471 2891 1562 2943; x_wconf 84' lang='grc' dir='ltr'>(-ὣν</span> <span class='ocrx_word' id='word_1_262' title='bbox 1592 2891 1636 2929; x_wconf 90' lang='lat' dir='ltr'>in</span> <span class='ocrx_word' id='word_1_263' title='bbox 1668 2904 1814 2930; x_wconf 83' lang='lat' dir='ltr'>rasura</span> <span class='ocrx_word' id='word_1_264' title='bbox 1837 2891 1911 2942; x_wconf 55' lang='grc' dir='ltr'>ΑΙ)</span> 
     </span>
    </p>
   </div>
   <div class='ocr_carea' id='block_1_3' title="bbox 242 2945 1915 3051">
    <p class='ocr_par' dir='ltr' id='par_1_3' title="bbox 242 2945 1915 3051">
     <span class='ocr_line' id='line_1_35' title="bbox 243 2945 1915 2998; baseline 0 -14"><span class='ocrx_word' id='word_1_265' title='bbox 243 2947 321 2995; x_wconf 90' lang='lat'>785</span> <span class='ocrx_word' id='word_1_266' title='bbox 363 2948 489 2987; x_wconf 77' lang='grc' dir='ltr'>οὕτως</span> <span class='ocrx_word' id='word_1_267' title='bbox 518 2945 617 2985; x_wconf 91' lang='lat' dir='ltr'>MA</span> <span class='ocrx_word' id='word_1_268' title='bbox 797 2947 875 2998; x_wconf 83' lang='grc' dir='ltr'>ἔφη</span> <span class='ocrx_word' id='word_1_269' title='bbox 897 2946 935 2984; x_wconf 90' lang='grc' dir='ltr'><strong>Α</strong></span> <span class='ocrx_word' id='word_1_270' title='bbox 957 2951 999 2985; x_wconf 86' lang='lat' dir='ltr'>et</span> <span class='ocrx_word' id='word_1_271' title='bbox 1029 2946 1223 2996; x_wconf 82' lang='lat' dir='ltr'><strong>primitus</strong></span> <span class='ocrx_word' id='word_1_272' title='bbox 1255 2946 1295 2984; x_wconf 93' lang='lat' dir='ltr'>M</span> <span class='ocrx_word' id='word_1_273' title='bbox 1317 2946 1350 2984; x_wconf 94' lang='lat' dir='ltr'>L</span> <span class='ocrx_word' id='word_1_274' title='bbox 1544 2946 1622 2995; x_wconf 88' lang='lat'><strong>786</strong></span> <span class='ocrx_word' id='word_1_275' title='bbox 1664 2945 1801 2998; x_wconf 79' lang='grc' dir='ltr'>λέγεις</span> <span class='ocrx_word' id='word_1_276' title='bbox 1832 2945 1915 2984; x_wconf 93' lang='lat' dir='ltr'>LP</span> 
     </span>
     <span class='ocr_line' id='line_1_36' title="bbox 242 3000 789 3051; baseline -0.002 -11"><span class='ocrx_word' id='word_1_277' title='bbox 242 3013 335 3040; x_wconf 89' lang='lat' dir='ltr'>cum</span> <span class='ocrx_word' id='word_1_278' title='bbox 354 3000 550 3041; x_wconf 86' lang='lat' dir='ltr'><strong>Eustath.</strong></span> <span class='ocrx_word' id='word_1_279' title='bbox 574 3000 621 3039; x_wconf 92' lang='lat' dir='ltr'>Il.</span> <span class='ocrx_word' id='word_1_280' title='bbox 649 3014 688 3051; x_wconf 91' lang='lat' dir='ltr'>p.</span> <span class='ocrx_word' id='word_1_281' title='bbox 711 3002 789 3050; x_wconf 86' lang='lat'>651</span> 
     </span>
    </p>
   </div>
   <div class='ocr_carea' id='block_1_4' title="bbox 648 3188 691 3270">
    <p class='ocr_par' dir='ltr' id='par_1_4' title="bbox 648 3188 691 3270">
     <span class='ocr_line' id='line_1_37' title="bbox 648 3188 691 3270; baseline 0 -3"><span class='ocrx_word' id='word_1_282' title='bbox 648 3188 691 3270; x_wconf 66' lang='grc' dir='ltr'>ἱ</span> 
     </span>
    </p>
   </div>
  </div>
 </body>
</html>
