2118 3366
823 96 1143 146 ΚΎΚΛΩΨ

155 229 244 276 Κυ.
279 224 533 292 ἐρυγγάνω
562 229 684 291 γοῦν
712 224 862 277 αὐτὸν
889 224 1045 290 ἡδέως
1074 226 1188 292 ἐγώ.
1265 238 1269 244 ’·

154 312 248 360 Οδ.
278 307 468 360 τοιόσδ’
499 309 526 359 ὃ
553 309 759 374 δαίμων·
804 308 981 360 οὐδένα
1008 308 1231 373 βλάπτει
1259 313 1477 375 βροτῶν.

155 395 245 444 Κυ.
280 391 391 445 θεὸς
419 391 462 442 δ’
493 393 547 443 ἐν
579 393 716 461 ἀσκῷ
746 396 850 446 πῶς
879 390 1051 459 γέγηθ’
1081 394 1243 446 οἴκους
1273 392 1431 460 ἔχων,·
1736 411 1816 451 525

153 479 245 527 Οδ.
277 475 401 527 ὅπου
430 478 544 548 τιθῇ
571 497 663 535 τις,
695 474 858 528 ἐνθάδ’
889 476 1029 528 ἐστὶν
1061 474 1282 540 εὐπετής.

154 562 245 611 Κυ.
276 558 332 610 οὗ
361 558 475 613 τοὺς
505 559 647 614 θεοὺς
673 558 771 628 χρὴ
803 558 931 625 σῶμ’
961 558 1097 627 ἔχειν
1127 561 1181 612 ἐν
1212 559 1467 626 δέρμασιν.

153 647 245 695 Οδ.
276 644 328 695 τί
354 643 413 704 δ’,
447 644 495 696 εἴ
520 665 584 696 σε
611 641 781 711 τέρπει
808 642 880 711 γ’,·
927 638 959 708 ἢ
989 641 1045 695 τὸ
1076 642 1231 710 δέρμα
1259 665 1344 695 σοι
1372 644 1573 710 πικρόν,·

155 731 243 779 Κυ.
273 732 406 793 μισῶ
437 726 525 780 τὸν
554 728 728 780 ἀσκόν·
774 726 831 779 τὸ
862 730 915 780 δὲ
944 727 1098 780 ποτὸν
1129 732 1264 794 φιλῶ
1293 728 1423 780 τόδε.

153 814 246 863 Οδ.
275 809 440 877 μένων
468 833 556 865 νυν
586 812 738 864 αὐτοῦ
766 816 879 865 πῖνε
911 811 1151 878 κεύθύμει,
1187 812 1431 879 Κύκλωψ.
1739 828 1820 870 530

141 898 244 954 ,Κυ.
276 894 333 947 οὗ
361 894 459 964 χρή
489 895 540 962 μ’
571 897 813 965 ἀδελφοῖς
841 901 983 949 τοῦδε
1012 900 1317 963 προσδοῦναι
1344 900 1522 957 ποτοΰ,·

153 984 246 1032 Οδ.
279 979 412 1049 ἔχων
441 982 536 1048 γὰρ
567 979 715 1035 αὐτὸς
742 981 1028 1049 τιμιώτερος
1058 987 1210 1054 φανῇ.

155 1067 244 1116 Κυ.
275 1064 437 1118 διδοὺς
466 1067 522 1118 δὲ
550 1070 653 1124 τοῖς
683 1067 886 1133 φίλοισι
913 1065 1303 1133 χρησιμώτερος.

142 1151 246 1200 ,Οδ.
276 1150 472 1216 πυγμὰς
501 1150 529 1201 ὃ
558 1154 719 1215 κῶμος
744 1150 976 1217 λοίδορόν
1005 1148 1048 1201 τ’
1080 1149 1181 1216 ἔριν
1211 1153 1368 1216 φιλεῖ.

155 1235 245 1284 Κυ.
274 1233 440 1298 μεθύω
468 1233 579 1299 μέν,
611 1233 771 1298 ἔμπας
799 1233 841 1286 δ’
873 1233 1004 1287 οὔτις
1034 1233 1096 1285 ἂν
1123 1232 1344 1301 ψαύσειέ
1369 1253 1480 1299 μου.
1739 1247 1818 1289 535

153 1320 246 1368 Οδ.
278 1314 316 1368 ὦ
345 1320 452 1376 τᾶν,
486 1317 733 1370 πεπωκότ’
766 1320 818 1370 ἐν
850 1318 1052 1383 δόμοισι
1077 1317 1175 1385 χρὴ
1205 1317 1387 1383 μένειν.

154 1403 247 1452 Κυ.
274 1399 468 1465 ἠλίθιος
498 1402 638 1456 ὅστις
667 1401 734 1467 μὴ
765 1403 890 1455 πιὼν
922 1407 1084 1468 κῶμον
1115 1406 1271 1468 φιλεῖ.

154 1488 248 1536 Οδ.
277 1482 333 1539 ὃς
361 1483 405 1536 δ’
433 1483 498 1537 ἂν
523 1487 792 1551 μεθυσθείς
820 1486 868 1553 γ’
901 1487 954 1538 ἐν
985 1487 1152 1552 δόμοις
1179 1487 1342 1558 μείνῃ,
1375 1484 1561 1553 σοφός.’

154 1571 244 1621 Κυ.
274 1569 329 1622 τί
353 1572 562 1637 δρῶμεν,
591 1567 631 1622 ι”ὸ
662 1570 870 1635 Σιληνέ,·
916 1570 1001 1621 σοὶ
1027 1569 1195 1636 μένειν
1225 1574 1380 1630 δοκεῖ,·

154 1655 228 1704 Σι.
275 1656 423 1706 δοκεῖ.
511 1654 564 1705 τί
588 1656 682 1721 γὰρ
713 1658 790 1707 δεῖ
816 1658 1084 1720 συμποτῶν
1114 1654 1300 1714 ἄλλων,
1334 1654 1587 1721 Κύκλωψ;
1738 1668 1820 1709 540

155 1741 245 1788 Κυ.
277 1738 357 1790 καὶ
386 1737 484 1803 μὴν
512 1738 772 1807 λαχνῶδές
801 1738 845 1789 τ’
877 1739 1022 1792 οὖδας
1052 1739 1267 1806 ἆνθηρᾶς
1296 1739 1455 1807 χλόης
1484 1775 1497 1789 .
1535 1775 1548 1789 .
1580 1775 1592 1788 .
1631 1775 1643 1788 .

154 1823 229 1873 Σι.
277 1821 358 1874 καὶ
385 1823 510 1889 πρός
539 1844 599 1890 γε
630 1822 820 1878 θάλπος
847 1822 995 1889 ἡλίου
1024 1825 1187 1875 πίνειν
1221 1823 1390 1875 καλόν.

281 1905 479 1972 κλίθητί
505 1905 594 1959 νύν
621 1927 707 1972 μοι
734 1909 928 1974 πλευρὰ
956 1907 1060 1962 θεὶς
1089 1907 1171 1960 ἐπὶ
1200 1907 1397 1976 χθονός.

154 1992 243 2043 Κυ.
277 1990 398 2043 ἰδού.

276 2075 329 2127 τί
355 2076 477 2140 δῆτα
505 2073 592 2128 τὸν
625 2074 821 2143 κρατῆρ’
849 2075 1033 2129 ὅπισθέ
1058 2098 1152 2143 μου
1181 2076 1345 2140 τίθης,·
1740 2089 1818 2129 545

154 2160 228 2211 Σι.
275 2156 342 2213 ὡς
368 2158 435 2225 μὴ
466 2160 655 2227 παριών
685 2181 759 2215 τις
789 2159 1069 2232 καταβάλῃ.
1244 2163 1335 2211 Κυ.
1424 2159 1586 2210 πίνειν
1613 2159 1705 2223 μὲν
1734 2158 1822 2210 οὖν

281 2242 508 2296 κλέπτων
537 2244 604 2297 σὺ
632 2244 814 2317 βούλῃ·
863 2244 1035 2299 κάτθες
1067 2244 1214 2297 αὐτὸν
1244 2246 1296 2298 ἐς
1324 2242 1500 2309 μέσον.

280 2327 346 2380 σὺ
374 2327 433 2387 δ’,
466 2326 504 2380 ‹T›
535 2327 652 2393 ξέν’,
687 2330 796 2382 εἰπὲ
824 2329 1020 2395 τοῦνομ’
1053 2330 1081 2380 ὅ
1109 2351 1155 2381 τι
1189 2350 1250 2381 σε
1279 2327 1374 2395 χρὴ
1409 2330 1595 2379 καλεῖν.

152 2414 247 2464 Οδ.
278 2412 447 2465 Οὖτιν·
492 2412 643 2482 χάριν
670 2415 724 2466 δὲ
753 2413 864 2466 τίνα
893 2414 1069 2480 λαβών
1102 2412 1152 2464 σ’
1182 2411 1456 2471 ἐπαινέσω,·

207 2561 288 2600 525
317 2552 448 2592 οἴκους
468 2550 654 2590 Canter:
684 2553 813 2592 οἴνους
836 2550 918 2590 LP
1109 2552 1190 2600 526
1218 2553 1308 2604 τιθῇ
1329 2566 1390 2590 τις
1411 2548 1605 2589 Porson:
1637 2550 1820 2589 τιθεῖτις

155 2602 217 2644 L:
259 2606 383 2647 τιθεὶς
418 2605 452 2645 Ρ
654 2618 734 2657 527
780 2605 900 2645 Nihil
934 2606 1181 2644 mutandum
1216 2605 1345 2656 (οὔτοι
1377 2602 1674 2643 Herwerden:
1716 2604 1822 2655 χρῆν

154 2656 321 2712 Nauck)
452 2671 532 2710 534
562 2662 727 2713 πληγὰς
747 2664 769 2701 ὁ
790 2664 920 2712 κῶμος
939 2658 1124 2712 λοίδορόν
1144 2660 1177 2700 θ’
1199 2661 1315 2712 ὕβριν
1334 2661 1452 2711 φιλεῖ
1465 2656 1567 2697 Ath.
1591 2656 1632 2696 ii.
1682 2687 1692 2697 .
1712 2658 1767 2706 36
1781 2655 1820 2696 D

152 2725 234 2765 535
275 2713 403 2765 μεθύω
440 2714 517 2767 μέν
557 2714 749 2756 Reiske:
797 2714 1004 2765 μεθύωμεν
1042 2714 1125 2753 LP
1357 2724 1435 2763 541
1482 2711 1542 2765 τ’]
1576 2712 1619 2764 γ’
1689 2723 1819 2751 orson

154 2770 304 2823 ἀνθηρῷ
320 2768 428 2823 χλόῃ
448 2769 684 2810 Kirchhoff.
739 2770 857 2809 Idem
872 2780 1044 2807 versum
1060 2768 1264 2819 Cyclopis
1285 2768 1497 2807 excidisse
1517 2771 1665 2817 putat3
1695 2765 1819 2805 nobis

151 2824 321 2863 videtur
347 2824 518 2864 Silenus
541 2837 785 2864 sermonem
809 2824 902 2863 eius
931 2822 1242 2874 interrumpere
1450 2833 1530 2871 545
1560 2820 1646 2862 ἰδού
1664 2833 1746 2860 om.
1770 2816 1821 2868 P,

147 2879 373 2927 postmodo
388 2880 577 2919 additum
594 2880 638 2918 in
656 2879 711 2918 L:
736 2876 1142 2919 corr.Wilamowitz
1256 2876 1370 2924 τίθης
1386 2874 1419 2915 l:
1439 2877 1562 2917 τιθεῖς
1580 2874 1614 2913 L
1618 2880 1653 2926 p
1668 2887 1679 2913 e
1700 2875 1823 2916 τιθεὶς

149 2931 184 2972 Ρ
319 2935 403 2985 546
431 2935 582 2988 παριών
601 2934 762 2974 Reiske
782 2946 792 2971 z
822 2933 958 2980 παρών
979 2931 1013 2970 L
1027 2931 1062 2970 P
1178 2929 1395 2984 καταβάλῃ
1411 2935 1443 2982 p
1460 2942 1469 2968 :
1498 2928 1717 2978 καταλάβῃ
1740 2928 1773 2969 L
1787 2926 1822 2967 Ρ
