2118 3366
845 117 1327 171 ΕΥΡΙΠΙΔΟΥ-

247 256 338 306 Αν.
369 253 430 304 τᾶ
460 255 570 304 θεῖα
599 251 641 304 δ’
673 253 730 303 οὗ
761 251 858 304 θεῖ’
888 251 988 303 οὐδ’
1019 251 1156 320 ἔχειν
1185 252 1283 325 ἡγῇ
1314 253 1478 315 δίκην,·

247 339 344 387 Με.
371 337 491 387 ὅταν
519 334 625 387 τάδ’
654 334 702 407 ᾗ,
735 335 838 386 τότ’
869 337 1093 400 οἴσομεν·
1142 337 1203 387 σὲ
1235 337 1288 387 δὲ
1321 338 1489 386 κτενῶ.
1828 352 1913 392 440

245 423 337 471 Αν.
369 417 399 482 ἦ
431 419 511 471 καὶ
539 418 757 471 νεοσσὸν
787 418 935 478 τόνδ’,
967 418 1064 471 ὑπὸ
1093 423 1285 486 πτερῶν
1317 414 1547 477 σπάσας,·

246 506 344 554 Με.
370 503 427 554 οὗ
457 505 596 566 δῆτα·
620 507 621 510 ’
644 503 846 570 θυγατρὶ
878 501 936 562 δ’,
969 498 1031 566 ἢν
1060 502 1200 574 θέλῃ,
1235 502 1380 553 δώσω
1413 505 1626 554 κτανεῖν.

246 591 335 638 Α-ν.
367 588 517 651 οἵμοι·
562 587 614 637 τί
641 585 764 651 δῆτά
794 585 844 636 σ’
876 586 933 637 οὗ
965 584 1270 646 καταστένω,
1302 585 1499 645 τέκνον;

248 674 345 722 Με.
371 670 546 721 οὔκουν
578 668 788 737 θρασεῖά
817 669 866 737 γ’
898 669 1047 722 αὐτὸν
1079 670 1221 723 ἐλπὶς
1250 668 1501 734 ἀναμένει.

248 758 338 806 Αν.
370 751 409 804 ὦ
438 757 595 806 πᾶσιν
625 753 964 820 ἀνθρώποισιν
994 753 1225 821 ἔχθιστοι
1253 757 1453 820 βροτῶν
1828 767 1913 811 445

374 837 602 904 Σπάρτης
632 838 829 896 ἔνοικοι,
865 837 1013 888 δόλια
1042 835 1392 904 βουλευτήρια,

372 925 573 988 ψευδῶν
604 921 827 981 ἄνακτες,
858 920 1243 989 μηχανορράφοι
1275 925 1451 980 κακῶν,

374 1008 547 1057 ἑλικτὰ
577 1005 747 1057 κούδὲν
776 1003 927 1072 ὑγιές,
960 1007 1094 1057 ἀλλὰ
1123 1009 1223 1057 πᾶν
1254 1004 1403 1072 πέριξ

375 1094 691 1156 φρονοῦντες,
725 1090 905 1142 ἀδίκως
936 1089 1175 1157 εὐτυχεῖτ’
1208 1089 1283 1141 ἀν’
1314 1087 1556 1140 Ἑλλάδα.

374 1175 425 1225 τί
451 1173 494 1224 δ’
525 1174 612 1225 οὐκ
642 1175 696 1224 ἐν
725 1175 841 1238 ὑμῖν
871 1175 1036 1234 ἐστιν;
1084 1174 1141 1225 οὐ
1170 1177 1405 1225 πλεῖστοι
1436 1173 1609 1240 φόνοι;
1832 1187 1917 1228 450

375 1257 461 1308 οὐκ
482 1259 887 1325 αἰσχροκερδεῖς,·
937 1257 994 1308 οὐ
1022 1256 1258 1324 λέγοντες
1289 1257 1424 1308 ἄλλα
1453 1259 1544 1322 μὲν

375 1342 608 1413 γλώσσῃ,
643 1345 946 1408 φρονοῦντες
978 1341 1020 1393 δ’
1051 1341 1165 1393 ἄλλ’
1198 1340 1551 1408 ἐφευρίσκεσθ’
1583 1339 1682 1399 ἀεί;

374 1425 587 1477 ὄλοισθ’.
677 1426 785 1490 ἐμοὶ
814 1428 907 1490 μὲν
938 1425 1148 1479 θάνατος
1179 1426 1274 1493 οὐχ
1305 1426 1432 1477 οὕτω
1463 1423 1624 1491 βαρὺς

377 1510 442 1562 ὡς
473 1510 555 1561 σοὶ
586 1508 828 1561 δέδοκται·
879 1515 1016 1561 κεῖνα
1044 1508 1140 1576 γάρ
1169 1509 1220 1574 μ’
1253 1510 1534 1567 ἀπώλεσεν,

376 1593 449 1644 ὅθ’
478 1594 508 1658 ἡ
540 1592 752 1645 τάλαινα
781 1595 928 1647 πόλις
959 1594 1191 1658 ἀνηλώθη
1226 1597 1437 1660 Φρυγῶν
1834 1607 1916 1649 455

376 1678 526 1730 πόσις
557 1677 600 1728 θ’
631 1679 657 1727 ὁ
689 1679 898 1736 κλεινός,
934 1679 987 1731 ὅς
1019 1700 1080 1729 σε
1109 1676 1355 1731 πολλάκις
1385 1678 1490 1744 δορὶ

377 1762 558 1826 ναύτην
583 1762 757 1826 ἔθηκεν
789 1763 899 1813 ἀντὶ
928 1763 1169 1829 χερσαίου
1203 1763 1368 1813 κακόν.

378 1850 465 1898 νῦν
496 1845 537 1896 δ’
570 1847 639 1899 εἷς
669 1850 879 1912 γυναῖκα
911 1846 1092 1913 γοργὸς
1124 1847 1333 1910 ὁπλίτης
1362 1846 1539 1912 φανεὶς

380 1931 585 1983 κτείνεις
613 1929 680 1994 μ’.
770 1929 1036 1981 ἀπόκτειν’·
1084 1929 1148 1983 ὣς
1179 1930 1466 1982 ἀθώπευτόν
1494 1927 1554 1995 γε’
1585 1949 1647 1980 σε

379 2014 620 2079 γλώσσης
651 2012 835 2080 ἀφήσω
866 2016 953 2078 τῆς
985 2015 1104 2078 ἐμῆς
1135 2014 1215 2065 καὶ
1246 2017 1399 2065 παῖδα
1431 2011 1543 2077 σήν.
1839 2014 1919 2068 460

380 2099 487 2150 ε’πεὶ
519 2097 583 2148 σὺ
613 2099 704 2162 μὲν
735 2096 959 2164 πέφυκας
991 2099 1044 2149 ἐν
1076 2096 1280 2169 Σπάρτῃ
1310 2097 1480 2165 μέγας,

378 2182 518 2246 ἡμεῖς
549 2184 603 2233 δὲ
631 2182 788 2250 Τροίᾳ
818 2181 882 2248 γ’.
974 2183 1016 2233 εἰ
1046 2181 1089 2233 δ’
1121 2182 1218 2249 ἐγὼ
1248 2180 1463 2249 πράσσω
1496 2184 1668 2238 κακῶς,

377 2267 530 2330 μηδὲν
560 2264 663 2316 τόδ’
695 2265 856 2333 αὔχει·
905 2266 983 2317 καὶ
1016 2266 1080 2317 σὺ
1111 2268 1209 2333 γὰρ
1237 2264 1474 2332 πράξειας
1503 2263 1581 2316 ἄν.

254 2380 346 2428 Χο.
381 2375 620 2428 οὐδέποτε
650 2378 825 2441 δίδυμα
854 2375 1019 2443 λέκτρ’
1052 2375 1302 2429 ἐπαινέσω
1333 2381 1532 2442 βροτῶν
1787 2368 1918 2441 [στρ.

548 2459 649 2511 οὐδ’
682 2460 1030 2527 ἀμφιμάτορας
1061 2461 1248 2527 κόρους,
1839 2461 1920 2514 466

307 2589 389 2625 440
416 2575 504 2617 τάδ’
523 2575 552 2631 ᾖ
569 2575 658 2617 τότ’
682 2576 716 2615 L
731 2575 764 2614 P
781 2577 855 2616 sed
872 2576 962 2618 τότ’
980 2590 1036 2616 ex
1055 2577 1130 2618 ⁷6*
1154 2589 1260 2615 corr.
1286 2577 1330 2615 in
1348 2576 1381 2615 L
1399 2589 1409 2614 :
1437 2574 1524 2616 τόδ’
1540 2574 1569 2630 ᾖ
1587 2573 1678 2616 τάδ’
1696 2572 1737 2612 Μ
1752 2572 1844 2612 AV
1858 2573 1917 2614 B:

253 2630 341 2672 τότ’
364 2634 528 2682 οἴσομεν
547 2636 579 2675 Σ
743 2643 824 2681 443
856 2635 930 2672 σοῦ
952 2632 1037 2683 (vel
1059 2632 1150 2684 σου)
1175 2631 1217 2670 Μ
1232 2631 1319 2669 ΑΡ
1339 2647 1403 2684 γρ.
1430 2629 1482 2668 V²
1642 2642 1722 2679 444
1753 2627 1920 2679 ἀμμένει

253 2685 404 2724 Nauck
580 2696 660 2736 445
691 2686 879 2738 ἔχθιστος
901 2685 943 2724 Μ
1128 2686 1210 2736 448
1239 2685 1373 2727 πάντα
1391 2683 1504 2738 πέριξ
1524 2683 1558 2722 L
1574 2683 1607 2722 P
1774 2693 1857 2732 450
1885 2683 1923 2723 οἱ

253 2743 441 2781 πλεῖστοι
465 2740 506 2779 Μ
521 2740 560 2779 Ο
576 2741 609 2779 Ρ
628 2757 694 2794 γρ.
720 2739 772 2779 V²
959 2752 1040 2791 453
1068 2740 1143 2792 μὲν
1164 2740 1333 2782 θάνατος
1353 2738 1396 2778 Μ
1415 2752 1424 2777 2
1456 2738 1501 2780 δὲ
1521 2738 1688 2780 θάνατος
1707 2736 1784 2789 μὲν
1802 2736 1920 2776 AV:

253 2794 299 2835 δὲ
320 2794 489 2836 θάνατος
511 2794 602 2835 rell.
750 2807 830 2846 455
861 2796 1047 2845 ἀναλῶθη
1069 2796 1191 2834 codd.
1344 2795 1427 2844 456
1455 2792 1509 2844 θ’]
1534 2794 1568 2834 δ’
1590 2792 1630 2831 V
1772 2793 1854 2840 462
1885 2792 1920 2832 δ’

254 2852 299 2890 ἐν
326 2850 444 2903 Τροίᾳ
475 2849 686 2891 MBLO.
748 2850 812 2890 Cf.
847 2852 928 2899 438
1083 2850 1273 2904 πράσσω]
1303 2849 1453 2900 πάσχω
1483 2847 1529 2886 Ρ.
1593 2847 1656 2887 Cf.
1692 2846 1832 2886 Helid.
1868 2857 1919 2894 27

252 2905 334 2953 463
373 2903 424 2944 σύ
451 2920 514 2944 τοι
546 2904 664 2943 Stob.
704 2917 794 2945 112.
825 2916 850 2953 5
1047 2907 1129 2955 464
1158 2901 1297 2945 οὔποτ’
1330 2904 1411 2956 ἐγὼ
1441 2901 1605 2941 Nauck.
1667 2901 1730 2941 Cf.
1765 2914 1804 2940 v.
1839 2911 1916 2949 471

252 2958 336 3006 466
364 2957 639 3012 ἆμφιμάτερας
661 2958 702 2997 Μ
718 2959 755 2997 V
769 2959 805 2998 B
825 2973 834 2998 :
864 2976 977 3012 -τρας
996 2958 1049 2997 V²
