2118 3366
802 156 1122 205 ΜΗΔΕΙΑ

342 286 425 338 καί
449 307 535 353 μοι
565 278 622 338 τὸ
651 287 743 351 μὲν
775 283 869 337 σὸν
901 284 1125 336 ἐκποδὼν
1156 283 1288 336 ἔστω
1318 284 1490 352 λόγου·

262 369 432 441 γνώσῃ
462 371 558 437 γὰρ
589 368 712 432 αὐτὴ
747 368 917 433 ζημίας
948 365 1295 434 ἀποστροφήν.

260 455 323 504 τὰ
352 454 505 517 θνητὰ
537 452 579 503 δ’
610 452 666 503 οὐ
697 456 783 504 νῦν
813 455 1009 517 πρῶτον
1037 450 1251 517 ἡγοῦμαι
1281 449 1445 510 σκιάν,

260 536 362 587 οὐδ’
391 535 454 588 ἂν
481 535 664 603 τρέσας
695 537 882 600 εἴποιμι
909 534 1023 588 τοὺς
1054 534 1247 601 σοφοὺς
1277 539 1476 601 βροτῶν
1586 601 1588 603 ¹
1700 553 1800 591 1225

261 624 524 674 δοκοῦντας
554 619 681 672 εἶναι
711 620 791 671 καὶ
821 620 1120 685 μεριμνητᾶς
1149 619 1320 685 λόγων

260 704 460 756 τούτους
488 705 732 770 μεγίστην
766 703 938 768 ζημίαν
969 700 1316 769 ὀφλισκάνειν.

261 790 452 852 θνητῶν
481 789 577 854 γὰρ
607 787 766 841 οὐδείς
795 789 938 838 ἐστιν
969 786 1209 851 εὐδαίμων
1239 786 1379 854 ἀνήρ·

261 873 422 937 ὄλβου
453 871 493 923 δ’
525 870 837 939 ἐπιρρυέντος
868 869 1223 939 εὐτυχέστερος

261 954 420 1007 ἄλλου
451 950 632 1023 γένοιτ’
663 954 724 1007 ἂν
754 954 926 1014 ἄλλος,
960 954 1202 1019 εὐδαίμων
1233 954 1274 1005 δ’
1305 954 1366 1007 ἂν
1399 955 1471 1006 οὔ.
1699 972 1803 1010 1230

135 1042 227 1090 Χο.
263 1038 390 1107 ἔοιχ”
417 1040 444 1090 ὁ
475 1041 662 1105 δαίμων
692 1040 861 1090 πολλὰ
891 1037 995 1111 τῇδ’
1027 1040 1080 1090 ἐν
1110 1037 1268 1107 ἡμέρᾳ

262 1125 385 1174 κακὰ
415 1120 676 1186 ξυνάπτειν
707 1124 909 1176 ἐνδίκως
938 1120 1140 1173 Ἰάσονι.

260 1204 300 1258 ‹T›
327 1210 533 1272 τλῆμον,
567 1200 633 1261 ὥς
665 1228 758 1259 σου
790 1208 1052 1273 συμφορᾶς
1082 1207 1376 1272 οἷκτίρομεν,

264 1291 380 1357 κ’όρη
415 1290 675 1359 Κρέοντος,
704 1291 815 1355 ἥτις
846 1292 916 1344 εἰς
937 1288 1112 1342 οἈιδου
1143 1290 1323 1355 δόμους

261 1376 377 1446 οἴχῃ
407 1373 580 1442 γάμων
612 1375 749 1426 ἕκατι
780 1379 878 1425 τῶν
909 1373 1151 1427 Ἰάσονος.
1699 1393 1744 1420 12
1755 1393 1801 1431 35

139 1454 242 1523 Μὴ.
263 1460 425 1526 φίλαι,
460 1457 684 1510 δέδοκται
714 1458 923 1525 τοῦργον
954 1458 1020 1512 ὣς
1049 1457 1268 1526 τάχιστά
1297 1479 1382 1523 μοι

263 1546 441 1596 παῖδας
471 1541 894 1614 κτανούσῃκτῆσδ
927 1543 1252 1609 ἀφορμᾶσθαι
1280 1542 1478 1609 χθονός,

265 1627 341 1678 καὶ
370 1626 436 1692 μὴ
470 1626 667 1695 σχολὴν
698 1625 920 1693 ἄγουσαν
952 1628 1176 1678 ἐκδοῦναι
1206 1624 1355 1677 τέκνα

263 1709 397 1783 ἄλλῃ
428 1715 674 1778 φονεῦσαι
704 1709 1071 1778 δυσμενεστέρᾳ
1100 1711 1228 1778 χερί.

261 1793 457 1848 πάντως
486 1794 577 1862 σφ’
610 1794 798 1861 ἀνάγκη
833 1798 1106 1845 κατθανεῖν·
1155 1794 1260 1845 ἐπεὶ
1291 1796 1345 1845 δὲ
1373 1792 1487 1861 χρή,
1696 1812 1806 1851 1240

263 1879 402 1944 ἡμεῖς
435 1883 712 1944 κτενοῦμεν,
747 1879 888 1944 οἵπερ
920 1877 1252 1944 ἐξεφύσαμεν.

263 1962 378 2014 ἀλλ’
410 1962 475 2015 εἶ’
507 1963 727 2026 ὁπλίζου,
764 1963 951 2028 καρδία.
1038 1963 1092 2013 τί
1115 1959 1368 2026 μέλλομεν

263 2049 325 2098 τὰ
356 2049 492 2099 δεινὰ
522 2049 798 2114 κᾶναγκαῖα
827 2046 894 2111 μὴ
926 2044 1178 2112 πράσσειν
1213 2044 1360 2106 κακά,·

263 2130 360 2198 ἄγ’,
392 2129 430 2183 ὦ
461 2130 672 2183 τάλαινα
700 2131 813 2198 χεὶρ
842 2128 949 2195 ἐμή,
981 2132 1115 2195 λαβὲ
1147 2127 1310 2197 ξίφος,

263 2214 401 2281 λάβ’,
438 2216 555 2283 ἕρπε
584 2215 707 2283 πρὸς
735 2219 967 2281 βαλβῖδα
996 2216 1221 2281 λυπηρὰν
1250 2215 1384 2280 βίου,
1696 2229 1804 2270 1245

266 2300 345 2352 καὶ
374 2299 440 2365 μὴ
474 2303 713 2372 κακισθῇς
743 2298 855 2364 μηδ’
887 2299 1208 2370 ἇναμνησθῇς
1238 2297 1438 2358 τέκνων,

266 2383 332 2438 ὣς
361 2384 580 2451 φίλταθ’,
615 2384 679 2437 ὡς
709 2383 910 2436 ἔτικτες·
957 2385 1091 2434 ἀλλὰ
1120 2381 1266 2447 τήνδε
1295 2404 1355 2449 γε

264 2470 422 2519 λαθοῦ
449 2473 697 2536 βραχεῖαν
727 2466 915 2534 ἡμέραν
947 2468 1136 2519 παίδων
1169 2466 1333 2526 σέθεν,

153 2571 156 2574 ’
199 2595 301 2632 1223
338 2584 478 2638 γνώσῃ
514 2584 636 2623 codd.
673 2589 716 2623 et
751 2588 808 2626 2:
848 2600 914 2636 γρ.
946 2584 1121 2637 γλώσσῃ
1156 2589 1188 2627 Σ
1222 2583 1403 2633 (merum
1434 2582 1598 2636 vitium)
1712 2585 1806 2625 ἀπο-

141 2637 345 2691 στροφήν]
362 2640 638 2692 ἆντιστροφήν
655 2639 755 2677 Chr.
779 2636 868 2676 Pat.
890 2639 986 2685 800,
1004 2644 1047 2677 et
1068 2638 1250 2677 fortasse
1270 2643 1301 2682 Σ
1319 2638 1389 2688 qui
1411 2637 1713 2680 ἆντανάκλασιν
1733 2642 1806 2687 τῆς

142 2696 349 2746 συμφορᾶς
374 2692 715 2746 καταληψομένην
739 2703 800 2733 σε·
834 2691 1242 2746 ἐπαναστρεφομένην
1262 2694 1317 2734 εἷς
1345 2691 1394 2733 σὲ
1418 2694 1494 2742 τὴν
1517 2692 1660 2744 ζημίαν
1680 2693 1806 2732 inter.

142 2752 335 2797 pretatur
508 2759 747 2797 1225—1227
778 2748 968 2797 suspecti
990 2747 1188 2788 Prinzio:
1218 2746 1357 2800 λόγων
1378 2753 1622 2797 corruptum
1642 2747 1809 2787 videtur

145 2814 248 2851 1227
278 2801 438 2843 τούτοις
455 2802 491 2840 Β
604 2802 746 2854 ζημίαν
766 2802 887 2842 codd.
910 2806 953 2840 et
973 2807 1004 2845 Σ
1019 2801 1054 2839 Β
1073 2815 1082 2840 :
1110 2802 1260 2856 μωρίαν
1274 2801 1436 2840 Aldina
1549 2802 1653 2840 1228
1683 2802 1807 2843 εὐδαί-

140 2855 226 2906 μων
255 2855 374 2911 ἀνήρ]
403 2856 544 2904 ὄλβιος
571 2857 692 2908 φύσει
719 2857 818 2895 Chr.
853 2856 942 2895 Pat.
974 2857 1056 2896 800
1280 2869 1383 2906 1232
1413 2855 1626 2907 ξυνάπτειν
1652 2856 1742 2896 AV
1765 2863 1808 2895 et

141 2910 235 2949 sine
264 2911 392 2950 dubio
425 2911 489 2950 L:
527 2911 711 2964 ξυνάψειν
742 2910 856 2950 BPl
1042 2924 1145 2960 1234
1186 2910 1329 2962 δόμους
1362 2910 1470 2949 LP:
1508 2911 1637 2952 πύλας
1665 2910 1806 2950 AVB

146 2977 244 3014 1241
287 2968 505 3016 κτενοῦμεν
533 2966 699 3005 ALP:
739 2969 963 3016 κτανοῦμεν
989 2965 1081 3005 VB
1270 2977 1372 3015 1247
1413 2966 1463 3006 ὥς
1494 2963 1621 3019 (σφ’)
1650 2965 1808 3008 ἔτικτες

144 3018 317 3058 Brunek
427 3035 479 3072 γε
498 3018 588 3058 AV
602 3020 677 3071 Bp
697 3033 706 3058 ε
736 3035 784 3061 σε
807 3019 840 3057 L
854 3019 888 3058 P
1059 3021 1164 3069 1248
1193 3022 1324 3067 λαβοῦ
1346 3020 1381 3058 V

252 3100 355 3128 mm.
380 3100 410 3128 1.
1622 3090 1646 3127 9
