2118 3366
894 98 1220 146 ΚΥΚΛΩΨ

339 226 584 294 ἆπῶμοσ’,
616 225 656 279 ὧ
685 226 960 279 κάλλιστον
990 224 1028 278 ὦ
1060 227 1372 286 Κυκλώπιον,

339 310 378 364 ὦ
409 312 725 370 δεσποτίσκε,
757 310 826 376 μὴ
856 313 919 362 τὰ
950 309 1000 361 σ’
1030 307 1209 373 ἐξοδᾶν
1242 311 1340 378 ἐγὼ

336 394 528 461 ξένοισι
555 394 783 463 χρήματ’.
869 390 900 459 ἢ
933 399 1092 448 κακῶς
1122 394 1256 446 οὗτοι
1286 395 1425 447 κακοὶ

335 481 383 532 οἱ
412 482 584 533 παῖδες
613 477 887 538 ἀπόλοινθ’,
922 478 1007 532 οὓς
1034 477 1241 544 μάλιστ’
1271 479 1370 546 ἐγὼ
1401 483 1555 547 φιλῶ.

211 568 305 617 Χο.
338 562 485 618 αὐτὸς
514 562 608 631 ἔχ’.
697 563 859 630 ἔγωγε
887 566 993 616 τοῖς
1023 560 1186 627 ξένοις
1218 564 1281 614 τὰ
1310 560 1543 631 χρήματα
1806 577 1888 623 2⁶70

334 645 585 716 περνάντα
616 646 665 698 σ’
697 646 845 699 εἶδον·
891 648 935 699 εἰ
967 645 1008 698 δ’
1040 647 1139 714 ἐγὼ
1166 649 1329 714 ψευδῆ
1359 645 1513 714 λέγω,

335 730 563 785 ἀπόλοιθ’
597 732 623 782 ὁ
653 729 813 798 πατήρ
842 751 954 796 μου·
998 730 1115 784 τοὺς
1143 728 1316 795 ξένους
1345 732 1400 782 δὲ
1427 730 1495 796 μὴ
1526 732 1698 784 ἀδίκει.

212 820 302 871 Κυ.
331 814 590 885 ψεύδεσθ’·
638 814 797 882 ἔγωγε
826 818 952 885 τῷδε
981 818 1068 865 τοῦ
1097 813 1466 879 Ῥαδαμάνθυος

333 903 531 966 μᾶλλον
560 897 777 951 πέποιθα
806 899 887 951 καὶ
919 899 1224 965 δικαιότερον
1252 897 1404 966 λέγω.

335 981 467 1037 θέλω
497 982 539 1034 δ’
571 981 790 1051 ἐρέσθαι·
837 983 993 1035 πόθεν
1025 981 1311 1042 ἐπλεύσατ’,
1344 979 1382 1034 ὦ
1414 979 1574 1046 ξένου
1803 999 1881 1045 275

333 1068 574 1128 ποδαποί,·
596 1110 601 1114 .
620 1067 694 1121 τίς
721 1068 845 1133 ’ὑμᾶς
880 1065 1228 1131 ἐξεπαίδευσεν
1258 1067 1430 1127 πόλις,·

209 1156 302 1206 Οδ.
333 1149 607 1218 Ἰθακήσιοι
635 1153 726 1218 μὲν
756 1149 812 1203 τὸ
844 1150 1007 1219 γένος,
1039 1150 1194 1203 Ἰλίου
1226 1150 1268 1203 δ’
1297 1149 1410 1210 ἄπο,

333 1235 609 1304 πέρσαντες
638 1234 780 1296 ἄστυ,
814 1237 1096 1301 πνεύμασιν
1127 1237 1427 1289 θαλασσίοις

334 1319 432 1386 σὴν
460 1325 609 1388 γαῖαν
638 1318 945 1385 ἐξωσθέντες
977 1320 1176 1386 ἥκομεν,
1213 1321 1458 1388 Κύκλωψ.

210 1409 297 1458 Κυ.
330 1403 362 1470 ἧ
390 1407 477 1470 τῆς
508 1406 742 1469 κακίστης
774 1405 820 1457 οἳ
850 1402 1114 1470 μετήλθεθ’
1144 1406 1371 1472 ἁρπαγὰς
1802 1413 1881 1453 280

331 1487 545 1554 Ἑλένης.
573 1487 894 1555 Σκαμάνδρου
925 1489 1108 1556 γείτον’
1139 1488 1292 1540 Ἰλίου
1322 1490 1498 1550 πόλιν,·

208 1576 300 1625 Οδ.
331 1573 482 1633 οὗτοι,
515 1574 670 1626 πόνον
699 1572 787 1625 τὸν
818 1572 983 1625 δεινὸν
1014 1572 1387 1638 ἐξηντληκότες.

210 1661 298 1710 Κυ.
332 1656 547 1727 αἰσχρὸν
578 1656 859 1724 στράτευμά
889 1657 953 1725 γ’,
988 1659 1164 1712 οἵτινες
1192 1661 1308 1723 μιᾶς
1337 1656 1485 1726 χάριν

332 1741 563 1810 γυναικὸς
592 1740 916 1807 ἐξεπλεύσατ’
949 1744 999 1796 ἐς
1028 1746 1176 1809 γαῖαν
1206 1746 1434 1809 Φρυγῶν.
1811 1790 1814 1793 ,

207 1829 298 1878 Οδ.
332 1830 446 1878 θεοῦ
475 1826 532 1878 τὸ
563 1830 780 1894 πρᾶγμα·
827 1825 997 1891 μηδέν’
1029 1828 1167 1878 αἰτιῶ
1197 1831 1414 1893 βροτῶν.
1798 1835 1875 1884 285

282 1923 285 1926 '
329 1911 471 1976 ἡμεῖς
500 1910 555 1963 δέ
584 1910 650 1970 σ’,
683 1908 721 1962 ὦ
753 1914 867 1962 θεοῦ
899 1911 1100 1963 ποντίου
1129 1915 1328 1978 γενναῖε
1358 1915 1463 1969 παῖ,

333 1994 612 2061 ἱκετεύομέν
643 2016 696 2047 τε
729 1995 809 2046 καὶ
839 1994 1057 2062 λέγομεν
1090 1994 1378 2063 ἐλευθέρως·

330 2078 398 2145 μὴ
428 2085 550 2153 τλῇς
580 2078 702 2146 πρὸς
734 2078 889 2146 ἄντρα
921 2101 1005 2131 σοι
1034 2078 1407 2147 ἐσαφιγμένους
1437 2080 1618 2147 φίλους

333 2167 525 2215 κτανεῖν
555 2163 717 2231 βοράν
746 2185 802 2216 τε
833 2166 1062 2229 δυσσεβῆ
1094 2162 1271 2215 θέσθαι
1302 2163 1521 2230 γνάθοις·

330 2247 377 2300 οἳ
408 2246 493 2300 τὸν
526 2248 635 2307 σόν,
671 2245 819 2312 ὦναξ,
854 2246 1024 2315 πατέρ’
1057 2248 1193 2316 ἔχειν
1224 2251 1349 2300 νεῶν
1381 2247 1524 2314 ἕδρας
1792 2266 1874 2305 290

331 2331 681 2399 ἐρρυσάμεσθα
710 2335 803 2399 γῆς
835 2333 888 2383 ἐν
918 2331 1168 2386 Ἑλλάδος
1197 2335 1388 2400 μυχοῖς.

331 2416 486 2483 ἱερεύς
515 2415 558 2468 τ’
588 2415 867 2483 ἄθραυστος
896 2415 1145 2483 Ταινάρου
1175 2415 1312 2482 μένει
1340 2415 1493 2482 λιμὴν

330 2499 542 2554 Μαλέας
571 2499 613 2552 τ’
643 2498 783 2567 ἄκροι
817 2503 1091 2565 κευθμῶνες
1122 2500 1155 2565 ἥ
1184 2523 1238 2552 τε
1269 2501 1476 2553 Σουνίου

329 2585 436 2637 δίας
466 2583 681 2637 Ἀθάνας
712 2588 812 2637 σῶς
840 2584 1120 2652 ὑπάργυρος
1152 2584 1308 2652 πέτρα

257 2712 338 2750 273
366 2704 469 2752 τῷδε
490 2700 677 2740 canter:
707 2703 826 2741 τοῦδε
850 2700 882 2738 L
1069 2714 1149 2751 274
1178 2705 1342 2752 μᾶλλον
1364 2700 1618 2741 Kirchhoff:
1649 2701 1788 2742 πολλὰ
1808 2700 1842 2739 L
1862 2715 1871 2740 ε

204 2755 333 2796 πλείω
364 2754 590 2804 Musgrave
803 2756 884 2804 276
924 2755 1205 2807 ἐξεπαίδευσεν
1233 2761 1496 2806 suspectum,
1529 2756 1606 2795 sed
1638 2754 1688 2794 cf.
1721 2768 1759 2794 v.
1789 2756 1865 2794 601

204 2808 284 2847 288
314 2824 377 2850 σοι
399 2809 693 2861 ἐσαφιγμένους
716 2809 1038 2848 Radermacher
1061 2811 1121 2859 (id
1149 2815 1214 2850 est
1239 2808 1636 2862 σούσαφιγμένους);
1666 2810 1761 2851 σοὺς
1781 2810 1870 2861 ἀφι-

203 2862 371 2915 γμένους
391 2863 446 2904 L:
477 2865 528 2906 cs.
544 2879 582 2906 V.
600 2877 695 2916 2525
713 2864 777 2904 El.
796 2877 877 2915 413
989 2876 1071 2914 290
1097 2869 1202 2906 ναῶν
1224 2865 1386 2905 Canter
1497 2879 1575 2916 291
1597 2863 1872 2918 ἐρρυσάμεσθα

204 2917 409 2957 Matthiae
428 2931 438 2957 ε
469 2917 738 2972 εἶρυσάμεσθα
758 2917 793 2956 L
923 2930 1003 2969 292
1033 2918 1178 2972 ἱερεύς]
1201 2918 1304 2972 ἱερός
1325 2931 1473 2969 apogr.
1496 2919 1631 2958 Paris.
1732 2919 1871 2974 ἄθραυ-

203 2987 302 3014 στος
320 2971 338 3012 Ι
353 2987 362 3015 z
392 2974 588 3017 ἅθαυστος
609 2972 644 3012 L
811 2984 891 3023 293
920 2972 946 3022 ἡ
966 2972 1007 3011 l:
1037 2974 1075 3013 οἱ
1096 2973 1130 3011 L
1241 2974 1391 3025 Σουνίῳ
1414 2973 1640 3022 Musgrave
