2118 3366
553 94 918 149 CODICVM
958 94 1442 148 CATALOGVS

231 211 300 254 M.
361 210 679 256 MARCIANVS
692 218 774 261 471
796 205 1092 263 (Kirchhoffii
1108 206 1188 261 A),
1205 206 1602 262 membranaceus,
1616 219 1738 251 saec.
1752 205 1834 250 xii:

170 267 301 312 initio
322 276 368 312 et
392 268 440 312 in
466 267 595 311 calce
621 266 823 318 mutilus,
852 279 1034 309 necnon
1063 265 1267 322 alioquin
1295 265 1417 309 male
1445 264 1650 320 habitus,
1672 265 1835 310 litteris

169 341 311 384 saepe
350 325 626 371 humiditate
666 332 747 369 aut
785 324 997 368 evanidis
1036 332 1119 368 aut
1166 324 1304 381 plane
1354 323 1534 367 deletis.
1617 323 1834 368 Continet

169 386 384 443 Dionysii
427 383 695 440 Periegesin
720 397 826 427 cum
867 382 1069 434 scholiis,
1109 381 1349 438 Euripidis
1386 383 1506 426 Hec.
1541 382 1623 426 Or.
1659 383 1834 427 Phoen.
1896 388 1902 396 “

168 444 318 488 Andr.
361 443 473 500 Hip.
515 443 577 488 ad
609 458 654 486 v.
692 453 818 498 1234,
853 455 959 485 curn
1001 440 1190 485 scholiis
1222 440 1556 496 marginalibus
1590 448 1636 485 et
1665 440 1834 496 glossis

169 501 550 547 interlinearibus.
612 503 714 545 Iota
754 508 835 544 aut
873 499 1162 556 adscriptum
1211 507 1291 543 aut
1333 498 1574 544 omissum.
1635 501 1834 543 Textum

167 561 345 618 passim
365 560 560 605 correxit
579 560 653 604 vel
679 558 917 617 rescripsit
947 573 1114 603 manus
1142 559 1287 603 altera
1313 572 1407 602 non
1434 558 1580 603 multo
1609 558 1834 603 recentior

169 618 281 677 (Μῖ)
306 619 440 664 viridi
461 627 736 664 atramento.

224 680 284 723 A.
345 681 624 723 PARISINVS
642 688 758 732 2712
775 676 1071 734 (Kirchhoffii
1087 674 1165 731 E),
1182 675 1585 731 membranaceus,
1604 690 1724 720 saec.
1739 675 1833 719 xiii.

169 736 401 793 Continet,
437 744 621 795 praeter
656 735 902 793 Sophoclis
938 744 984 780 et
1016 735 1344 792 Aristophanis
1378 735 1561 779 fabulas
1598 743 1831 792 septenas,

167 796 409 854 Euripidis
447 798 566 840 Hec.
605 796 687 840 Or.
724 796 897 839 Phoen.
934 795 1082 839 Andr.
1115 794 1245 838 Med.
1279 794 1406 850 Hip.‚
1441 807 1548 837 cum
1584 793 1754 851 glossis
1784 802 1830 838 et

166 855 352 900 scholiis
373 854 673 900 brevissimis.
728 854 881 898 Multa
902 868 1071 897 manus
1092 852 1244 910 prima
1267 850 1366 909 (A¹)
1391 851 1616 907 correxit;
1652 852 1829 897 litteras

165 923 212 959 et
239 914 468 959 vocabula
499 914 620 958 inter
649 927 811 958 versus
844 920 892 957 et
925 912 972 956 in
1006 911 1217 968 margine
1253 911 1539 968 scripserunt
1569 912 1831 968 complures

165 987 332 1018 manus
350 971 632 1018 recentiores
657 971 740 1029 (a).
782 971 876 1016 Hic
896 971 975 1015 ubi
1000 972 1051 1015 M
1074 969 1243 1023 deficit,
1260 978 1312 1014 ut
1332 970 1380 1014 in
1404 970 1578 1015 Medea
1599 978 1646 1014 et
1668 970 1714 1014 in
1738 971 1830 1014 fine

167 1031 430 1090 Hippolyti,
453 1031 712 1089 principem
731 1031 887 1076 locum
908 1031 1049 1074 debet
1071 1030 1295 1074 obtinere.

223 1092 282 1136 V.
340 1093 641 1136 VATICANVS
681 1102 770 1147 909
812 1088 1108 1145 (Kirchhoffii
1162 1089 1237 1144 B),
1289 1088 1597 1144 bombycinus
1650 1088 1723 1133 vel
1774 1103 1830 1132 ex

162 1150 386 1207 gossypio
430 1150 595 1206 factus,
636 1163 757 1193 saec.
796 1147 892 1203 xiii,
933 1147 978 1192 in
1020 1147 1172 1205 prima
1212 1155 1258 1192 et
1307 1148 1471 1191 ultima
1510 1147 1665 1191 sabula
1705 1147 1828 1191 foliis

163 1209 332 1253 evolsis
351 1208 568 1253 mutilus:
600 1208 751 1252 bonus
772 1207 963 1264 quidem
983 1206 1100 1251 liber
1127 1206 1205 1250 hic
1233 1214 1302 1251 est
1332 1215 1377 1250 et
1398 1221 1455 1251 ex
1482 1206 1672 1263 antiquo
1701 1206 1828 1251 fonte

162 1268 391 1312 deductus
421 1267 506 1312 sed
532 1267 834 1323 neglegenter
859 1266 1046 1323 scripto,
1069 1266 1235 1310 eodem
1263 1267 1462 1309 sortasse
1492 1274 1633 1320 atque
1657 1265 1828 1310 Hiero-

162 1327 469 1383 solymitanus
498 1327 576 1380 H;
622 1325 723 1383 ipse
754 1339 938 1382 quoque
966 1339 1134 1382 parum
1165 1332 1381 1369 accurate
1414 1324 1612 1381 scriptus
1644 1338 1828 1369 necnon

163 1400 303 1443 saepe
323 1386 516 1429 affectus
536 1383 650 1429 vitio
670 1384 749 1428 illo
767 1383 1036 1441 Byzantino,
1059 1397 1152 1441 quo
1173 1382 1222 1427 id
1244 1383 1395 1439 agitur
1415 1391 1465 1428 ut
1481 1397 1640 1428 versus
1662 1391 1827 1428 utcun-

162 1458 252 1501 que
277 1444 459 1501 possint
490 1443 538 1487 in
565 1458 707 1487 voces
737 1451 1049 1501 paroxytonas
1080 1442 1398 1487 terminentur.
1463 1442 1682 1486 Continet
1707 1443 1826 1487 HeC.

163 1504 244 1547 Or.
266 1503 442 1547 Phoen.
469 1503 597 1547 Med.
626 1502 739 1559 Hip.
764 1503 866 1546 Alc.
888 1502 1034 1546 Andr.
1056 1502 1169 1547 Tro.
1195 1503 1366 1546 Rhea:
1402 1501 1577 1545 scholia
1608 1502 1748 1545 habet
1779 1502 1826 1545 in

160 1561 263 1607 Alc.
297 1570 345 1606 et
385 1561 515 1607 Med.
551 1562 743 1619 optima,
779 1560 827 1605 in
866 1562 1010 1606 Rhes.
1050 1568 1098 1605 et
1131 1561 1241 1604 Tro.
1278 1561 1380 1606 sola
1421 1574 1539 1618 quae
1580 1560 1826 1617 supersint.

160 1622 357 1665 Textum
388 1620 586 1664 correxit
617 1635 759 1678 saepe
789 1619 939 1677 prima
968 1634 1151 1674 manus,
1174 1634 1315 1676 saepe
1336 1634 1503 1663 manus
1528 1619 1648 1663 aliae
1670 1634 1824 1663 recen-

159 1680 301 1725 tiores
328 1677 411 1735 (V2
434 1680 510 1724 vel
540 1679 592 1735 v)
625 1688 672 1724 et
700 1678 865 1724 litteris
891 1679 1136 1736 verbisque
1168 1677 1495 1736 suprascriptis
1527 1686 1572 1723 et
1600 1678 1824 1724 varietate

159 1738 370 1784 lectionis
391 1737 609 1795 adposita
629 1753 687 1783 ex
707 1738 885 1793 codice,
907 1746 957 1782 ut
978 1737 1176 1794 videtur,
1201 1737 1515 1782 Laurentiano
1538 1737 1690 1782 simili.

219 1800 274 1842 Β.
334 1798 618 1842 PARISINVS
644 1808 760 1853 2713
785 1797 1082 1852 (Kirchhoffii
1104 1796 1168 1852 a),
1191 1797 1590 1850 membranaceus,
1614 1810 1734 1840 saec.
1763 1796 1823 1839 xii

158 1857 232 1901 vel
247 1855 339 1911 xiii,
356 1855 562 1914 pluribus
577 1870 703 1900 nunc
717 1855 834 1901 locis
850 1856 1053 1912 mutilus,
1071 1856 1156 1901 sed
1173 1855 1372 1912 eleganti
1391 1870 1534 1899 manu
1553 1855 1753 1912 scriptus
1776 1863 1823 1899 et

158 1916 348 1960 scholiis
369 1915 617 1961 instructus
636 1916 771 1960 bonis
792 1916 1046 1974 plenisque.
1099 1917 1204 1959 Iota
1225 1915 1496 1972 plerumque
1518 1915 1821 1971 adscriptum,

158 1974 306 2019 rarius
333 1975 574 2020 omissum.
633 1975 811 2019 Vitium
848 1973 1154 2032 Byzantinum
1189 1974 1476 2031 frequentius
1507 1988 1648 2030 quam
1686 1973 1731 2017 in
1762 1974 1819 2029 V,

158 2033 304 2079 rarius
330 2048 473 2092 quam
503 2033 550 2088 in
576 2033 620 2077 O
646 2042 695 2079 et
725 2036 786 2079 D.
850 2033 1069 2078 Continet
1093 2035 1210 2078 Hec.
1236 2035 1319 2078 Or.
1344 2034 1518 2077 Phoen.
1543 2033 1655 2090 Hip.
1690 2032 1818 2076 Med.

156 2094 258 2137 Alc.
270 2094 420 2138 Andr.
461 2093 653 2138 Scholia
672 2094 949 2152 glossasque
970 2093 1154 2150 scripsit
1170 2093 1442 2150 plerumque
1462 2106 1629 2136 manus
1645 2091 1817 2149 prima3

156 2160 333 2197 textum
371 2166 431 2196 ex
467 2152 658 2196 scholiis
707 2166 892 2196 summa
942 2151 1171 2196 industria
1210 2165 1448 2197 correxere
1488 2158 1534 2195 et
1584 2151 1734 2208 prima
1773 2159 1818 2195 et

157 2212 362 2257 secunda
385 2208 501 2268 (ΒΞ),
522 2225 707 2255 necnon
729 2211 991 2268 complures
1012 2210 1292 2255 recentiores
1317 2210 1395 2267 (b).

217 2272 268 2316 L.
331 2272 743 2315 LAVRENTIANVS
767 2270 901 2315 xxxii.
924 2282 951 2314 2
976 2269 1273 2326 (Kirchhoffii
1297 2269 1348 2325 C,
1371 2267 1709 2313 Wilamowitzii
1743 2267 1816 2324 C),

157 2328 445 2384 chartaceus,
481 2343 604 2374 saec.
642 2328 720 2373 xiv
759 2328 947 2373 ineunte
986 2328 1303 2386 compluribus
1342 2328 1560 2372 manibus
1601 2327 1815 2385 scriptus.

158 2388 377 2433 Continet
396 2396 580 2444 praeter
600 2387 847 2445 Sophoclis
866 2388 1050 2432 fabulas
1070 2402 1151 2431 sex
1171 2395 1217 2431 et
1240 2387 1438 2431 Hesiodi
1466 2389 1619 2444 Opera
1638 2392 1684 2430 et
1702 2388 1818 2430 Dies

155 2455 261 2492 -—et
293 2446 557 2491 Hesiodum
587 2446 777 2503 quidem
807 2446 994 2490 scholiis
1026 2445 1603 2503 instructum—Euripidis
1634 2446 1818 2490 fabulas

156 2505 490 2562 duodeviginti,
531 2506 791 2549 Troadibus
830 2505 931 2550 sola
974 2505 1163 2560 omissa,
1198 2506 1291 2548 hoc
1329 2505 1492 2549 ordine
1532 2505 1814 2551 collocatas:

155 2564 417 2622 Supplices,
451 2565 712 2608 Pentheum
753 2567 764 2612 (
774 2564 819 2608 h.
834 2578 876 2608 e.
916 2563 1167 2620 Bacchas),
1210 2564 1480 2621 Cyclopem,
1521 2563 1815 2618 Heraclidas,

158 2623 425 2678 Herculem,
446 2624 696 2679 Helenam,
719 2624 944 2676 Rhesum,
970 2625 1150 2679 Ionem,
1170 2623 1272 2679 Iph.
1285 2623 1546 2678 Tauricam,
1566 2623 1668 2680 Iph.
1685 2622 1815 2667 Auli-

155 2683 365 2738 densem,
414 2682 684 2726 Phaedram
731 2682 795 2738 (h.
810 2697 849 2727 e.
904 2680 1249 2741 Hippolytum),
1301 2681 1540 2735 Medeam,
1587 2682 1815 2736 Alcestin,

154 2741 549 2795 Andromacham,
581 2741 837 2796 Electram,
875 2742 1140 2797 Hecubam,
1173 2742 1416 2785 Electram
1455 2741 1591 2790 (haec
1627 2741 1816 2785 Electra

157 2801 349 2845 Orestes
378 2799 488 2857 est),
508 2799 817 2845 Phoenissas:
852 2807 952 2844 tum
982 2799 1203 2856 Aeschyli
1236 2799 1582 2856 Prometheum,
1608 2800 1815 2857 Septem,

155 2859 324 2903 Persas
365 2858 414 2903 in
454 2860 546 2904 fine
585 2859 810 2903 mutilam.
883 2861 1025 2904 Hanc
1065 2859 1255 2917 quidem
1296 2858 1650 2915 dispositionem
1690 2874 1816 2904 nunc

153 2918 360 2976 praebet,
381 2917 466 2962 sed
486 2917 690 2962 numeris
714 2932 854 2976 supra
880 2918 1070 2962 nomina
1095 2918 1358 2962 fabularum
1387 2917 1557 2962 additis
1583 2917 1677 2963 alia
1703 2918 1815 2962 olim

154 2976 297 3022 series
316 2975 459 3021 fuisse
479 2976 776 3033 significatur,
799 2978 1057 3021 secundum
1086 2977 1298 3022 ordinem
1319 2977 1603 3032 litterarum3
1637 2977 1695 3021 de
1723 2991 1815 3035 qua

152 3035 248 3082 vid.
281 3035 603 3080 Wilamowitz.
634 3036 869 3080 Herakles
904 3035 932 3081 i.
964 3050 1010 3094 p.
1043 3046 1127 3092 207
1161 3049 1263 3094 sqq.
1339 3037 1538 3081 Textum
1575 3049 1814 3083 correxere
