2118 3366
875 148 1317 199 ΕΥΡΙΠΙΔΟΥ

380 275 559 341 φίλους
591 282 748 330 κακῶς
781 275 1019 344 δράσαντ’
1050 281 1275 334 ἐναντίον
1304 282 1534 348 βλέπειν,
1612 323 1614 326 >
1842 301 1923 345 470

379 358 494 410 ἀλλ’
523 359 553 423 ἡ
582 361 796 426 μεγίστη
829 366 928 413 τῶν
961 364 1014 414 ἐν
1045 365 1322 431 ἀνθρώποις
1352 367 1517 419 νόσων

379 447 570 501 πασῶν,
605 444 825 496 ἀναίδει’·
875 445 927 497 εὖ
959 445 1002 497 δ’
1037 449 1279 512 ἐποίησας
1307 451 1494 514 μολών·

379 525 476 591 ἐγώ
508 548 562 578 τε
590 529 686 593 γὰρ
714 526 913 591 λέξασα
946 530 1354 597 κουφισθήσομαι

378 608 553 676 ψυχὴν
583 615 742 664 κακῶς
774 632 836 663 σε
867 613 947 663 καὶ
978 613 1040 664 σὺ
1071 614 1275 686 λυπήσῃ
1308 616 1485 668 κλύων.

464 694 521 743 ἐκ
549 696 649 742 τῶν
678 693 732 742 δὲ
763 690 972 758 πρώτων
1004 697 1200 756 πρῶτον
1231 693 1440 760 ἄρξομαι
1469 696 1655 763 λέγειν.
1843 717 1923 759 475

379 774 553 844 ἔσῳσά
583 774 647 834 σ’,
682 776 747 829 ὥς
777 779 955 829 ἴσασιν
985 777 1250 843 “Ελλήνων
1279 783 1393 833 ὅσοι

379 859 555 910 ταύτὸν
587 859 968 926 συνεισέβησαν
1000 861 1223 932 Ἀργῷον
1254 865 1468 932 σκάφος,

379 942 672 1009 πεμφθέντα
701 945 894 1010 ταύρων
925 947 1189 1012 πυρπνόων
1220 949 1492 1015 ἐπιστάτην

384 1027 621 1098 ζεύγλῃσι
654 1029 731 1079 καὶ
765 1034 1045 1096 σπεροῦντα
1077 1031 1354 1097 θανάσιμον
1384 1035 1523 1100 γύην·

378 1109 619 1177 δράκοντά
651 1111 708 1170 θ’,
745 1110 799 1165 ὃς
829 1112 1127 1180 πάγχρυσον
1157 1116 1396 1184 ἀμπέχων
1427 1118 1572 1185 δέρας
1843 1129 1924 1178 480

380 1196 605 1262 σπείραις
636 1195 793 1265 ἔσῳζε
823 1199 1159 1253 πολυπλόκοις
1191 1199 1373 1255 ἄυπνος
1404 1203 1486 1261 ὥν,

381 1278 600 1331 κτείνασ’
631 1279 853 1348 ἀνέσχον
885 1281 968 1332 σοὶ
999 1282 1127 1349 φάος
1159 1284 1420 1352 σωτήριον.

382 1362 502 1427 αὐτὴ
534 1365 589 1415 δὲ
618 1364 808 1430 πατέρα
841 1365 920 1417 καὶ
953 1367 1131 1432 δόμους
1162 1369 1399 1436 προδοῢσ’
1434 1372 1577 1436 ἐμοὺς

380 1447 469 1511 τὴν
502 1452 761 1512 Πηλιῶτιν
794 1451 862 1502 εἷς
895 1449 1102 1503 Ἰωλκὸν
1135 1454 1308 1518 ἱκόμην

382 1531 475 1583 σὺν
507 1534 606 1590 σοί,
641 1534 892 1599 πρόθυμος
923 1539 1122 1599 μᾶλλον
1153 1533 1183 1600 ἢ
1216 1539 1501 1605 σοφωτέρα·
1841 1549 1920 1598 485

382 1618 577 1667 Πελίαν
605 1616 648 1667 τ’
679 1617 942 1677 ἀπέκτειν’,
977 1620 1149 1686 ὥσπερ
1178 1621 1424 1688 ἄλγιστον
1455 1627 1639 1682 θανεῖν,

381 1701 569 1751 παίδων
601 1700 681 1752 ὑπ’
715 1702 880 1761 αὐτοῦ,
916 1703 1079 1755 πάντα
1106 1704 1150 1754 τ’
1182 1705 1376 1770 ἐξεῖλον
1408 1709 1576 1772 δόμον.

382 1784 460 1835 καὶ
490 1785 626 1836 ταῦθ’
658 1785 745 1852 ὑφ’
776 1787 929 1851 ἡμῶν,
963 1785 1000 1837 ὦ
1035 1787 1226 1839 κάκιστ’
1257 1791 1463 1858 ἀνδρῶν,
1497 1794 1669 1843 παθὼν

378 1870 663 1935 προύδωκας
692 1870 835 1935 ἡμᾶς,
871 1874 1013 1922 καινὰ
1043 1873 1083 1923 δ’
1116 1872 1308 1938 ἐκτήσω
1338 1875 1538 1943 λέχη-

380 1955 571 2004 παίδων
599 1955 852 2021 γεγώτων·
899 1958 942 2007 εἰ
974 1958 1067 2023 γὰρ
1100 1956 1212 2021 ἧσθ’
1244 1958 1391 2012 ἄπαις
1422 1959 1510 2018 ἔτι,
1840 1981 1920 2019 490

382 2038 666 2104 συγγνώστ’
698 2038 758 2089 ἂν
790 2038 850 2103 ἣν
881 2060 966 2091 σοι
993 2041 1123 2092 τοῦδ’
1156 2044 1427 2109 ἐρασθῆναι
1457 2044 1654 2112 λέχους.

379 2123 539 2188 ὅρκων
570 2125 623 2174 δὲ
655 2125 844 2190 φρούδη
879 2125 1060 2184 πίστις,
1097 2126 1197 2177 οὐδ’
1228 2127 1328 2195 ἔχω
1358 2132 1535 2192 μαθεῖν

376 2205 408 2270 ἧ
440 2206 581 2259 θεοὺς
610 2208 824 2271 νομίζεις
854 2208 968 2262 τοὺς
996 2210 1096 2259 τότ’
1129 2209 1215 2260 οὐκ
1245 2210 1418 2279 ἄρχειν
1449 2212 1538 2271 ἔτι,

377 2286 406 2353 ἢ
441 2292 584 2341 καινὰ
616 2295 811 2342 κεῖσθαι
843 2292 1005 2356 θέσμι’
1038 2295 1313 2360 ἀνθρώποις
1343 2299 1405 2347 τὰ
1434 2302 1539 2356 νῦν,

379 2374 485 2425 ἐπεὶ
518 2374 764 2427 σύνοισθά
794 2376 841 2443 γ’
874 2378 944 2429 εἰς
976 2377 1050 2442 ἔμ’
1082 2378 1170 2428 οὐκ
1201 2380 1399 2445 εὔορκος
1430 2381 1515 2432 ὤν.
1838 2399 1917 2439 495

455 2464 552 2526 φεῦ
581 2459 717 2524 δεξιὰ
748 2462 874 2527 χείρ,
907 2461 965 2525 ἧς
997 2463 1060 2513 σὺ
1093 2463 1244 2514 πόλλ’
1275 2464 1580 2530 ἐλαμβάνου,

306 2587 385 2624 470
415 2573 610 2621 βλέπειν;
629 2573 669 2612 Α
781 2588 857 2623 471
892 2575 1101 2625 καλλίστη
1122 2576 1162 2615 A
1274 2589 1352 2627 475
1382 2582 1509 2619 τῶνδε
1529 2580 1616 2618 VL
1740 2583 1822 2631 476
1853 2583 1915 2623 Cf.

255 2628 360 2667 Plat.
384 2630 488 2682 ἑορτ.
520 2642 598 2678 3ο;
639 2629 828 2668 Eubulus
859 2631 911 2666 26
1077 2644 1159 2680 479
1190 2631 1384 2685 ζεύγλῃσι
1417 2634 1519 2674 LP:
1563 2634 1773 2686 ζεύγλαισι
1803 2637 1918 2676 VB:

255 2682 485 2736 ζεύγνκαισι
506 2684 544 2721 Α
701 2686 783 2733 480
813 2685 846 2724 θ’
870 2684 955 2722 LA
971 2685 1004 2722 B
1022 2700 1029 2725 :
1062 2686 1097 2726 δ’
1118 2686 1203 2724 VP
1314 2687 1527 2739 ἀμπέχων]
1550 2688 1746 2742 ἀμφέπων
1764 2690 1919 2731 Aldina

253 2737 366 2791 δέρας
386 2738 524 2776 AVB
539 2739 594 2779 P:
628 2739 737 2793 δέρος
761 2740 833 2778 Lv
1035 2742 1114 2790 487
1146 2743 1212 2796 ὑφ’
1234 2744 1355 2782 αὑτοῦ
1378 2742 1572 2794 Elmsley
1727 2745 1860 2787 πάντα
1879 2749 1918 2788 τ’

255 2795 411 2844 ἐξεῖλον
440 2793 562 2844 δόμον
594 2795 719 2838 LP2
751 2796 882 2847 (unde
911 2813 975 2848 γρ.
1010 2795 1104 2845 B¹):
1139 2796 1272 2838 πάντα
1301 2798 1336 2837 δ’
1367 2801 1523 2849 ἐξεῖλον
1550 2798 1683 2851 φόβον
1708 2799 1847 2839 AVB
1876 2807 1919 2841 et

254 2852 285 2890 Σ
299 2848 333 2885 Β
356 2852 405 2898 (Σ
425 2856 561 2889 utrum
585 2851 619 2890 δ’
641 2864 695 2888 an
717 2851 754 2890 τ’
776 2851 972 2889 habuerit
993 2865 1079 2890 non
1101 2858 1242 2901 potest
1262 2852 1363 2897 dici)
1555 2867 1631 2903 491
1681 2858 1917 2908 συγγνώστ’

254 2904 303 2943 ἃν
330 2902 381 2950 ἦν
412 2905 473 2944 L:
508 2905 741 2957 συγγνώστ’
773 2907 822 2946 ἂν
853 2906 910 2945 P:
946 2909 1217 2959 συγγνωστὸν
1245 2907 1296 2955 ἣν
1322 2907 1461 2946 AVB
1626 2922 1707 2959 493
1740 2909 1765 2958 ἧ
1791 2912 1859 2950 V:
1891 2913 1917 2960 ἢ

253 2957 341 2996 ΑΒ
358 2958 392 2997 L
407 2959 467 2998 P:
498 2962 534 3000 εἰ
555 2960 716 2998 Reiske
827 2960 971 3011 νομίζω
1003 2962 1143 3001 Schol.
1168 2962 1370 3001 Aeschin.
1394 2976 1435 3013 p.
1457 2974 1539 3013 350
1678 2977 1757 3015 494
1788 2966 1917 3017 θέσμι’

257 3013 290 3051 L
304 3012 337 3051 P
351 3012 391 3051 A
413 3014 554 3054 Schol.
580 3014 807 3054 Aeschin.:
840 3014 969 3065 θέσμι’
992 3020 1035 3056 ἐν
1054 3016 1115 3056 V:
1149 3016 1263 3068 θέαμ’
1285 3020 1327 3058 ἐν
1348 3017 1384 3055 Β
1756 3037 1760 3043 ’
