2118 3366
853 141 1293 193 ΕΥΡΙΠΙΔΟΥ

362 269 440 322 ἀεὶ
471 272 525 324 δὲ
551 269 857 337 μουσοποιὸς
889 272 939 324 ἐς
971 272 1031 322 σὲ
1062 270 1320 338 παρθένων

361 353 506 405 ἔσται
534 353 762 420 μέριμνα,
798 354 913 407 κούκ
946 354 1202 420 ἀνώνυμος
1230 356 1404 408 πεσὼν

361 436 482 504 ἔρως
513 439 539 488 ὁ
571 439 792 505 Φαίδρας
825 440 875 492 ε’ς
908 441 969 490 σὲ
1000 438 1348 505 σιγηθήσεται.
1799 457 1904 499 1430

445 520 509 572 σὺ
540 521 597 579 δ’,
631 518 669 572 ὦ
700 526 901 588 γεραιοῦ
931 520 1106 574 τέκνον
1136 522 1344 590 Αἰγέως,
1375 525 1512 589 λαβὲ

362 604 456 656 σὸν
485 604 619 657 παῖδ’
655 606 710 656 ἐν
741 603 1020 671 ἀγκάλαισι
1052 607 1131 657 καὶ
1161 606 1522 673 προσέλκυσαι·

360 687 492 739 ἄκων
521 689 616 754 γὰρ
649 687 847 742 ὤλεσόις
883 709 976 741 νιν·
1024 690 1331 756 ἀνθρώποισι
1360 693 1414 742 δὲ

362 774 487 824 θεῶν
516 772 753 823 διδόντων
790 772 920 825 εἰκὸς
951 771 1323 839 ἐξαμαρτάνειν.

363 854 441 905 καὶ
473 854 555 905 σοὶ
585 860 805 922 παραινῶ
844 854 1034 922 πατέρα
1063 855 1129 921 μὴ
1163 861 1365 924 στυγεῖν
1396 857 1561 917 σέθεν,
1802 875 1904 915 1435

360 937 634 990 “Ιππόλυτ’τ
681 939 814 1007 ἔχεις
853 941 949 1005 γὰρ
979 938 1217 1012 μοῖρανῇ
1253 940 1539 1008 διεφθάρης.

446 1021 526 1073 καὶ
555 1021 702 1090 χαῖρ’·
752 1023 859 1087 ἐμοὶ
897 1025 994 1089 γὰρ
1025 1023 1083 1074 οὐ
1113 1023 1251 1088 θέμις
1282 1023 1489 1091 φθιτοὺς
1519 1025 1641 1090 ὁρᾶν

362 1105 464 1158 οὐδ’
495 1108 628 1171 ὄμμα
658 1108 883 1175 χραίνειν
921 1108 1275 1172 θανασίμοισιν
1307 1109 1551 1161 ἐκπνοαῖς·

363 1191 458 1258 ὁρῶ
490 1189 545 1242 δέ
574 1189 624 1240 σ’
654 1189 746 1255 ἤδη
779 1194 920 1243 τοῦδε
955 1192 1175 1255 πλησίον
1207 1196 1372 1243 κακοῦ.

241 1280 317 1326 Ιπ.
362 1276 610 1342 χαίρουσα
641 1274 720 1325 καὶ
753 1274 816 1326 σὺ
853 1279 1042 1343 στεῖχε,
1078 1274 1278 1342 παρθέν’
1310 1277 1482 1341 ὀλβία·
1803 1295 1907 1335 1440

363 1360 555 1425 μακρὰν
586 1361 638 1411 δὲ
667 1360 859 1412 λείπεις
890 1360 1069 1428 ῥᾳδίως
1101 1360 1316 1425 ὁμιλίαν.

363 1442 466 1494 λύω
499 1445 552 1494 δὲ
583 1447 742 1495 νεῖκος
774 1430 924 1509 πατρὶ
956 1444 1239 1515 χρῃζούσης
1271 1443 1436 1497 σέθεν·

366 1527 443 1578 καὶ
473 1528 568 1593 γὰρ
601 1525 809 1593 πάροιθε
843 1532 953 1581 σοῖς
986 1529 1255 1593 ἐπειθόμην
1284 1529 1473 1596 λόγοις.

449 1613 566 1669 αἰαῖ,
602 1610 704 1662 κατ’
736 1613 909 1662 ὅσσων
944 1611 1171 1680 κιγχάνει
1198 1612 1250 1678 μ’
1280 1612 1371 1678 ἤδη
1404 1615 1598 1669 σκότος·

364 1700 547 1760 λαβοῦ,
582 1694 751 1760 πάτερ,
785 1716 878 1760 μου
913 1696 992 1746 καὶ
1026 1697 1346 1762 κατόρθωσον
1377 1697 1541 1762 δέμας.
1805 1714 1905 1754 1445

241 1783 339 1844 Θη.
366 1781 513 1844 οἴμοι,
544 1778 734 1838 τέκνον,
768 1780 819 1831 τί
847 1783 966 1850 δρᾷς
995 1802 1058 1845 με
1088 1780 1174 1832 τὸν
1206 1782 1535 1847 δυσδαίμονας

241 1868 318 1915 Ιπ.
366 1865 539 1915 ὄλωλα
570 1863 647 1914 καὶ
678 1863 736 1928 δὴ
771 1863 1016 1930 νερτέρων
1049 1865 1142 1931 ὁρῶ
1175 1866 1351 1919 πύλας.

241 1951 338 2012 Θη.
366 1946 396 2012 ἦ
425 1947 516 2012 τὴν
548 1947 669 2012 ἐμὴν
700 1946 920 2014 ἄναγνον
952 1950 1172 2001 ἐκλιπὼν
1201 1949 1349 2017 χέρα,·

242 2036 319 2083 Ιπ.
367 2031 423 2082 οὐ
455 2031 573 2096 δῆτ’,
607 2033 719 2083 ἐπεί
749 2054 811 2084 σε
842 2032 971 2084 τοῦδ’
1010 2035 1252 2100 ἐλευθερῶ
1285 2033 1458 2100 φόνου.

243 2118 339 2181 Θη.
368 2116 419 2167 τί
446 2113 568 2188 φῄς,·
616 2116 769 2183 ἀφίης
805 2118 1011 2181 αἵματός
1041 2116 1090 2183 μ’
1123 2118 1408 2185 ἐλεύθερον;
1803 2132 1909 2173 1450

242 2204 319 2253 Ιπ.
365 2199 454 2264 τὴν
485 2198 790 2265 τοξόδαμνον
816 2199 1057 2267 ’Ἄρτεμιν
1087 2202 1410 2269 μαρτύρομαι.

243 2287 340 2349 Θη.
365 2281 403 2334 ὦ
435 2283 655 2351 φίλταθ’,
691 2285 757 2338 ὡς
790 2290 1014 2353 γενναῖος
1050 2286 1263 2357 ἐκφαίνῃ
1294 2287 1458 2352 πατρί.

243 2372 317 2420 Ιπ.
365 2372 568 2420 τοιῶνδε
599 2369 791 2421 παίδων
823 2371 1048 2436 γνησίων
1081 2370 1229 2438 εὔχου
1257 2376 1445 2439 τυχεῖν.
1803 2387 1908 2426 1455

243 2455 340 2515 Θη.
367 2454 498 2518 οἴμοι
530 2452 714 2520 φρενὸς
747 2456 841 2518 σῆς
875 2453 1120 2520 εὐσεβοῦς
1149 2475 1204 2506 τε
1236 2456 1468 2522 κάγαθῆς.
1802 2471 1909 2511 ¹454

301 2582 402 2620 1432
433 2570 639 2624 ἆγκοίλησι
664 2572 711 2610 L²
727 2573 760 2611 P
784 2573 927 2614 Haun.
1017 2560 1311 2627 ‘vr-pooee'htcvaov
1332 2574 1365 2612 L
1515 2584 1620 2623 1435
1650 2573 1715 2614 καὶ
1737 2571 1824 2624 σοὶ]
1846 2587 1910 2613 σοι

243 2623 279 2665 τ’
310 2624 358 2665 αὖ
386 2626 485 2664 Chr.
518 2625 606 2665 Pat.
638 2628 717 2677 827
934 2642 1037 2680 1437
1078 2630 1242 2682 φθιτοὺς
1274 2628 1406 2667 LPN
1422 2628 1490 2668 D:
1529 2628 1691 2682 νεκροὺς
1718 2626 1911 2666 AVBO

246 2691 349 2728 1442
378 2680 492 2721 λύσω
511 2681 551 2719 Α
703 2686 824 2739 πατρὶ
845 2684 884 2723 Α
897 2684 950 2723 V2
965 2684 999 2723 B
1015 2684 1054 2723 Ο
1073 2699 1083 2724 2
1113 2685 1264 2737 πατρὸς
1282 2683 1321 2722 V
1335 2683 1369 2722 L
1382 2683 1416 2722 P
1618 2694 1723 2732 1444
1752 2683 1912 2734 κιχάνει

244 2734 364 2776 codd.
389 2735 608 2790 (τυγχάνει
630 2738 693 2779 O:
730 2740 919 2793 κιγχάνει
940 2752 1050 2779 unus
1072 2739 1165 2779 cod.
1189 2739 1288 2778 Chr.
1309 2738 1396 2778 Pat.
1414 2738 1514 2788 900)
1678 2747 1781 2786 1445
1796 2753 1863 2788 μοι
1877 2736 1912 2775 Ρ

248 2790 354 2838 Ι446
383 2793 486 2841 οἴμοι
506 2791 547 2830 Α
561 2793 596 2832 Β
613 2794 652 2833 O
670 2808 677 2832 :
709 2797 807 2845 ὤμοι
830 2795 921 2836 rell.
1123 2807 1225 2844 1447
1256 2793 1406 2846 πύλας]
1429 2792 1572 2844 δόμους
1592 2792 1692 2832 Chr.
1716 2791 1808 2831 Pat.
1829 2803 1908 2841 901

249 2845 351 2893 1448
380 2845 485 2899 χέρα
503 2848 543 2887 V
556 2849 591 2887 B
606 2849 646 2889 O
663 2850 702 2888 D
720 2867 783 2903 γρ.
809 2849 876 2888 A:
906 2849 1033 2904 φρένα
1053 2849 1093 2888 Α
1108 2850 1141 2889 L
1156 2849 1255 2889 PV²
1269 2848 1306 2886 N
1325 2865 1390 2902 γρ.
1417 2849 1452 2888 Β
1607 2860 1713 2898 1450
1741 2846 1913 2900 ἀφήσεις

244 2897 438 2940 AVBO
666 2916 765 2954 1451
790 2904 1004 2958 ’‘Aperepuv]
1034 2903 1229 2956 παρθένον
1259 2903 1419 2944 Nauck.
1482 2903 1545 2943 Cl.
1578 2902 1738 2954 Diphil.
1774 2901 1825 2940 sr.
1859 2913 1914 2951 3ο

250 2967 353 3005 1453
374 2964 417 2997 et
440 2972 543 3009 1455
577 2959 758 2998 invicem
788 2964 1000 3009 transpos.
1034 2958 1325 2998 Wilamowitz
1525 2968 1627 3008 1454
1658 2959 1752 3009 ὤμοι
1778 2954 1917 3018 [ΡΝ-

246 3012 444 3060 εὖλαβοῦς
459 3031 508 3055 τε
523 3015 564 3054 Α
