2118 3366
801 132 1243 182 ΕΥΡΙΠΙΔΟΥ

311 269 575 332 πληροΰσα
606 265 776 330 θυμόν.
866 268 1027 317 θεοῖσι
1059 264 1102 315 δ’
1132 263 1216 316 ὧδ’
1247 264 1353 332 ἔχει
1381 263 1552 330 νόμος·
1583 303 1586 306 -

312 348 473 402 οὐδεὶς
503 349 731 401 ἀπαντᾶν
760 349 1002 414 βούλεται
1031 347 1279 416 προθυμίᾳ

249 440 253 443 ’
309 439 371 505 τῇ
399 436 486 484 τοῦ
515 430 770 491 θέλοντος,
807 431 924 484 ἀλλ’
955 430 1294 499 ἀφιστάμεσθ’
1324 431 1418 483 ἀεί.
1751 447 1856 489 1330

312 517 438 575 ἐπεί,
473 515 600 583 σάφ’
631 517 755 575 ἴσθι,
793 519 932 581 Ζῆνα
959 515 1027 582 μὴ
1060 514 1352 583 φοβουμένη

311 599 398 651 οὐκ
429 598 490 651 ἄν
519 599 629 652 ποτ’
659 598 818 664 ἦλθον
849 601 900 654 ἐς
929 598 1032 651 τόδ’
1064 599 1309 668 αἰσχύνης
1336 599 1437 666 ἐγὼ

311 683 432 735 ὥστ’
465 682 620 751 ἄνδρα
649 682 850 736 πάντων
882 684 1130 752 φίλτατον
1159 687 1359 750 βροτῶν
1389 682 1499 748 ἐμοὶ

311 771 482 820 θανεῖν
513 769 677 819 ἐᾶσαι.
767 767 857 832 τὴν
889 769 943 819 δὲ
974 766 1072 832 σὴν
1102 767 1345 834 ἁμαρτίαν

311 850 368 902 τὸ
398 851 464 917 μὴ
499 850 681 904 εἰδέναι
709 853 801 917 μὲν
833 856 1030 919 πρῶτον
1060 851 1227 903 ἐκλύει
1258 849 1426 916 κάκης·
1751 865 1853 906 1335

313 935 484 987 ἔπειτα
513 935 555 986 δ’
585 936 615 1000 ἡ
648 935 854 987 θανοῦσ’
888 933 1153 999 ἀνήλωσεν
1182 934 1304 1002 γυνὴ

310 1019 480 1086 λόγων
511 1018 754 1087 ἐλέγχους
784 1019 919 1072 ὥστε
947 1018 1045 1083 σὴν
1075 1023 1249 1071 πεῖσαι
1278 1017 1455 1087 φρένα.

394 1101 619 1169 μάλιστα
648 1102 742 1169 μέν
773 1125 861 1156 νυν
893 1103 979 1155 σοὶ
1007 1101 1113 1154 τάδ’
1144 1103 1360 1170 ἔρρωγεν
1390 1100 1530 1162 κακά,

309 1184 443 1252 λύπη
475 1189 530 1239 δὲ
562 1188 721 1253 κάμοί·
768 1187 884 1241 τοὺς
914 1188 1012 1254 γὰρ
1042 1186 1272 1252 εὐσεβεῖς
1303 1187 1406 1238 θεοὶ

311 1273 620 1343 θνῄσκοντας
650 1271 707 1322 οὗ
736 1272 989 1339 χαίρουσι·
1035 1270 1149 1324 τούς
1178 1291 1239 1337 γε
1268 1270 1366 1335 μὴν
1401 1269 1577 1324 κακοὺς
1710 1288 1714 1291 ’
1751 1285 1855 1326 1340

311 1354 477 1409 αὐτοῖς
506 1354 731 1407 τέκνοισι
763 1356 842 1407 καὶ
873 1356 1042 1420 δόμοις
1073 1353 1363 1420 ἐξόλλυμεν.

186 1484 277 1532 Xo.
397 1480 476 1531 καὶ
505 1479 604 1545 μὴν
635 1482 660 1531 ὁ
691 1480 848 1534 τάλας
878 1481 961 1531 ὅδε
993 1479 1051 1544 δὴ
1085 1480 1292 1548 στείχει,

397 1563 587 1630 σάρκας
609 1557 794 1631 ’νεαρὰς
826 1563 1009 1629 ξανθόν
1038 1585 1093 1615 τε
1125 1563 1250 1631 κάρα

396 1650 758 1713 διαλυμανθείς.
848 1646 886 1700 ὦ
918 1649 1071 1701 πόνος
1100 1649 1264 1707 οἴκων,

397 1733 500 1784 οἷον
534 1732 742 1799 ἐκράνθη
774 1733 974 1798 δίδυμον
1003 1730 1270 1798 μελάθροις
1750 1746 1852 1788 1345

480 1815 662 1870 πένθος
693 1817 865 1869 θεόθεν
897 1817 1229 1881 καταληπτόν.

187 1904 262 1952 Ιπ.
396 1902 505 1952 αἰαῖ
531 1902 649 1952 αἰαῖ*

397 1983 643 2048 δύστηνος
675 1984 788 2052 ἐγώ,
822 1983 1007 2052 πατρὸς
1038 1981 1097 2047 ἐξ
1125 1985 1294 2036 ἀδίκου

395 2073 645 2136 χρησμοῖς
676 2069 860 2122 ἀδίκοις
884 2067 1229 2133 διελυμάνθην.

483 2153 726 2209 ἀπόλωλα
757 2151 930 2211 τάλας,
965 2153 1098 2217 οἴμοι
1126 2173 1226 2217 μοι.
1705 2151 1707 2153 ’
1748 2166 1852 2206 ῐ350

398 2235 478 2287 διά
507 2257 601 2301 μου
633 2239 858 2304 κεφαλῆς
891 2234 1108 2306 ᾅσσουσ’
1143 2229 1326 2294 ὀδύναι,
1742 2235 1744 2237 ’

397 2322 520 2371 κατὰ
551 2319 594 2370 δ’
632 2314 919 2388 ἐγκέφαλον
953 2320 1085 2389 πηδᾷ
1117 2318 1392 2387 σφάκελος.

398 2403 536 2471 σχές,
571 2403 834 2473 ἀπειρηκὸς
867 2403 993 2469 σῶμ’
1025 2404 1314 2456 ἀναπαύσω.

396 2483 439 2552 [ἓ
471 2484 531 2553 g·]

244 2614 347 2652 1330
382 2619 447 2655 γρ.
478 2602 704 2653 μέλλοντος
733 2603 756 2641 b
967 2616 1067 2653 1331
1109 2603 1205 2655 σάφ’
1236 2603 1353 2644 οἶσθα
1382 2602 1415 2640 L
1623 2612 1725 2650 1333
1764 2601 1851 2652 ἐμοὶ

186 2661 343 2710 βροτῶν
364 2657 398 2695 L
414 2658 447 2696 P
463 2657 500 2696 N
685 2659 790 2708 1336
820 2658 963 2700 ἔπειτα
982 2660 1035 2708 σὴ
1056 2658 1343 2697 Wilamowitz
1473 2654 1684 2697 ἀνάλωσεν
1702 2656 1825 2694 codd.
1842 2669 1852 2694 ε

186 2724 293 2751 corr.
318 2711 536 2762 Elmsley:
568 2712 809 2767 ἆνῇστωσεν
830 2713 1003 2763 Hadley
1186 2725 1287 2762 1337
1318 2711 1458 2764 λόγοις
1481 2711 1515 2749 L
1626 2710 1849 2762 ἐλέγχουσ’

185 2765 362 2804 ALbN
534 2769 638 2818 1338
666 2767 742 2818 μὲν
762 2770 831 2808 νῦν
852 2767 1219 2808 σοὶΑΒΟΝΒτ
1251 2766 1327 2818 μὲν
1347 2767 1411 2806 σοὶ
1433 2765 1587 2806 1117th
1625 2766 1696 2806 νῦν
1714 2765 1764 2813 δὴ
1784 2764 1849 2805 σοὶ

187 2820 247 2860 L:
279 2824 350 2862 νῦν
369 2822 433 2862 σοὶ
456 2821 490 2860 Ρ
618 2834 722 2871 1340
749 2822 843 2863 τοὺς
864 2821 908 2863 δέ
925 2838 977 2874 γε
998 2822 1142 2864 κακοὺς
1160 2822 1201 2860 V
1222 2820 1286 2872 (δὲ
1303 2821 1383 2872 μὴν
1405 2820 1462 2858 Ο)
1598 2819 1850 2875 1346⁴mma⁸

175 2875 316 2916 -λιπῶν
338 2875 372 2913 Ρ
541 2887 646 2926 1350
674 2879 777 2927 οἴμοι
797 2878 902 2927 οἴμοι
921 2877 960 2915 Α
976 2876 1010 2914 L
1185 2887 1284 2925 1351
1317 2876 1498 2926 κεφαλῆς
1517 2873 1556 2912 Α
1571 2873 1610 2912 Ο
1633 2887 1643 2912 t
1671 2875 1735 2914 -ἃς
1754 2871 1847 2912 rell.

190 2940 293 2979 1352
323 2931 357 2971 δ’
376 2930 416 2968 Α
432 2929 466 2968 Β
481 2930 520 2969 Ο
545 2933 607 2982 (et
626 2931 665 2969 V
686 2931 716 2981 2)
737 2945 746 2971 ε
776 2931 813 2970 τ’
836 2931 924 2972 rell.
976 2969 979 2971 ,
1100 2941 1202 2983 1353
1233 2929 1428 2986 ἀπείρηκα
1447 2928 1487 2970 Α
1656 2937 1758 2979 1354
1789 2925 1809 2967 ἓ
1828 2924 1852 2968 ἓ

185 2984 224 3040 (ἒ
246 2984 343 3035 ἐν)
366 2997 448 3027 om.
471 2984 592 3024 AO:
622 2984 780 3024 de1.L²
