<?xml version="1.0" encoding="UTF-8"?>
<!DOCTYPE html PUBLIC "-//W3C//DTD XHTML 1.0 Transitional//EN"
    "http://www.w3.org/TR/xhtml1/DTD/xhtml1-transitional.dtd">
<html xmlns="http://www.w3.org/1999/xhtml" xml:lang="en" lang="en">
 <head>
  <title>
</title>
<meta http-equiv="Content-Type" content="text/html;charset=utf-8" />
  <meta name='ocr-system' content='tesseract 3.04.00' />
  <meta name='ocr-capabilities' content='ocr_page ocr_carea ocr_par ocr_line ocrx_word'/>
</head>
<body>
  <div class='ocr_page' id='page_1' title='image "./euripidistragoed01euriuoft_0339.png"; bbox 0 0 2118 3366; ppageno 0'>
   <div class='ocr_carea' id='block_1_1' title="bbox 930 170 1192 218">
    <p class='ocr_par' dir='ltr' id='par_1_1' title="bbox 930 170 1192 218">
     <span class='ocr_line' id='line_1_1' title="bbox 930 170 1192 218; baseline 0.008 -2"><span class='ocrx_word' id='word_1_1' title='bbox 930 170 1192 218; x_wconf 86' lang='lat' dir='ltr'>EKABH</span> 
     </span>
    </p>
   </div>
   <div class='ocr_carea' id='block_1_2' title="bbox 280 297 1896 2626">
    <p class='ocr_par' dir='ltr' id='par_1_2' title="bbox 280 297 1896 450">
     <span class='ocr_line' id='line_1_2' title="bbox 355 297 1896 366; baseline 0.001 -14"><span class='ocrx_word' id='word_1_2' title='bbox 355 300 442 352; x_wconf 80' lang='grc' dir='ltr'>οὐκ</span> <span class='ocrx_word' id='word_1_3' title='bbox 472 299 533 352; x_wconf 83' lang='grc' dir='ltr'>ἂν</span> <span class='ocrx_word' id='word_1_4' title='bbox 563 299 800 365; x_wconf 81' lang='grc' dir='ltr'>δυναίμην</span> <span class='ocrx_word' id='word_1_5' title='bbox 831 297 1204 366; x_wconf 81' lang='grc' dir='ltr'>ἐξαλείψασθαι</span> <span class='ocrx_word' id='word_1_6' title='bbox 1233 300 1433 366; x_wconf 87' lang='grc' dir='ltr'>φρενός·</span> <span class='ocrx_word' id='word_1_7' title='bbox 1813 316 1896 357; x_wconf 88' lang='lat'>590</span> 
     </span>
     <span class='ocr_line' id='line_1_3' title="bbox 280 382 1435 450; baseline -0.001 -15"><span class='ocrx_word' id='word_1_8' title='bbox 280 406 283 410; x_wconf 88' lang='lat'>·</span> <span class='ocrx_word' id='word_1_9' title='bbox 354 384 410 435; x_wconf 86' lang='grc' dir='ltr'>τὸ</span> <span class='ocrx_word' id='word_1_10' title='bbox 440 383 483 435; x_wconf 86' lang='grc' dir='ltr'>δ’</span> <span class='ocrx_word' id='word_1_11' title='bbox 513 384 573 436; x_wconf 81' lang='grc' dir='ltr'>αῦ</span> <span class='ocrx_word' id='word_1_12' title='bbox 602 385 718 435; x_wconf 90' lang='grc' dir='ltr'>λίαν</span> <span class='ocrx_word' id='word_1_13' title='bbox 749 387 983 449; x_wconf 85' lang='grc' dir='ltr'>παρεῖλες</span> <span class='ocrx_word' id='word_1_14' title='bbox 1013 382 1322 450; x_wconf 85' lang='grc' dir='ltr'>ἀγγελθεῖσά</span> <span class='ocrx_word' id='word_1_15' title='bbox 1349 404 1435 448; x_wconf 91' lang='grc' dir='ltr'>μοι</span> 
     </span>
    </p>

    <p class='ocr_par' dir='ltr' id='par_1_3' title="bbox 354 465 1506 534">
     <span class='ocr_line' id='line_1_4' title="bbox 354 465 1506 534; baseline -0.002 -15"><span class='ocrx_word' id='word_1_16' title='bbox 354 471 594 534; x_wconf 82' lang='grc' dir='ltr'>γενναῖος.</span> <span class='ocrx_word' id='word_1_17' title='bbox 684 466 860 518; x_wconf 80' lang='grc' dir='ltr'>οὔκουν</span> <span class='ocrx_word' id='word_1_18' title='bbox 890 466 1070 526; x_wconf 92' lang='grc' dir='ltr'>δεινόν,</span> <span class='ocrx_word' id='word_1_19' title='bbox 1105 468 1147 518; x_wconf 86' lang='grc' dir='ltr'>εἰ</span> <span class='ocrx_word' id='word_1_20' title='bbox 1170 469 1233 533; x_wconf 88' lang='grc' dir='ltr'>γῆ</span> <span class='ocrx_word' id='word_1_21' title='bbox 1263 468 1356 531; x_wconf 81' lang='grc' dir='ltr'>μὲν</span> <span class='ocrx_word' id='word_1_22' title='bbox 1387 465 1506 530; x_wconf 74' lang='grc' dir='ltr'>κακὴ</span> 
     </span>
    </p>

    <p class='ocr_par' dir='ltr' id='par_1_4' title="bbox 353 548 1477 619">
     <span class='ocr_line' id='line_1_5' title="bbox 353 548 1477 619; baseline -0.001 -17"><span class='ocrx_word' id='word_1_23' title='bbox 353 555 579 619; x_wconf 83' lang='grc' dir='ltr'>τυχοῦσα</span> <span class='ocrx_word' id='word_1_24' title='bbox 608 555 776 617; x_wconf 84' lang='grc' dir='ltr'>καιροῦ</span> <span class='ocrx_word' id='word_1_25' title='bbox 806 550 980 602; x_wconf 86' lang='grc' dir='ltr'>θεόθεν</span> <span class='ocrx_word' id='word_1_26' title='bbox 1011 550 1063 601; x_wconf 80' lang='grc' dir='ltr'>εὖ</span> <span class='ocrx_word' id='word_1_27' title='bbox 1094 548 1289 617; x_wconf 84' lang='grc' dir='ltr'>στάχυν</span> <span class='ocrx_word' id='word_1_28' title='bbox 1319 549 1477 617; x_wconf 86' lang='grc' dir='ltr'>φέρει,</span> 
     </span>
    </p>

    <p class='ocr_par' dir='ltr' id='par_1_5' title="bbox 352 633 1597 702">
     <span class='ocr_line' id='line_1_6' title="bbox 352 633 1597 702; baseline 0.001 -17"><span class='ocrx_word' id='word_1_29' title='bbox 352 634 549 702; x_wconf 80' lang='grc' dir='ltr'>χρηστὴ</span> <span class='ocrx_word' id='word_1_30' title='bbox 580 633 622 686; x_wconf 86' lang='grc' dir='ltr'>δ’</span> <span class='ocrx_word' id='word_1_31' title='bbox 653 633 924 701; x_wconf 83' lang='grc' dir='ltr'>ἃμαρτοῦσ’</span> <span class='ocrx_word' id='word_1_32' title='bbox 954 635 1022 685; x_wconf 83' lang='grc' dir='ltr'>ὧν</span> <span class='ocrx_word' id='word_1_33' title='bbox 1052 634 1216 701; x_wconf 85' lang='grc' dir='ltr'>χρεὼν</span> <span class='ocrx_word' id='word_1_34' title='bbox 1245 633 1597 702; x_wconf 59' lang='grc' dir='ltr'>αὖτὴνὝυχεῖν</span> 
     </span>
    </p>

    <p class='ocr_par' dir='ltr' id='par_1_6' title="bbox 353 716 1894 785">
     <span class='ocr_line' id='line_1_7' title="bbox 353 716 1894 785; baseline -0.001 -15"><span class='ocrx_word' id='word_1_35' title='bbox 353 717 506 770; x_wconf 84' lang='grc' dir='ltr'>κακὸν</span> <span class='ocrx_word' id='word_1_36' title='bbox 535 718 709 770; x_wconf 89' lang='grc' dir='ltr'>δίδωσι</span> <span class='ocrx_word' id='word_1_37' title='bbox 741 718 942 785; x_wconf 89' lang='grc' dir='ltr'>καρπόν,</span> <span class='ocrx_word' id='word_1_38' title='bbox 976 718 1253 784; x_wconf 82' lang='grc' dir='ltr'>ἀνθρώποις</span> <span class='ocrx_word' id='word_1_39' title='bbox 1282 716 1325 769; x_wconf 89' lang='grc' dir='ltr'>δ’</span> <span class='ocrx_word' id='word_1_40' title='bbox 1356 717 1432 769; x_wconf 84' lang='grc' dir='ltr'>ἀεὶ</span> <span class='ocrx_word' id='word_1_41' title='bbox 1815 734 1894 774; x_wconf 88' lang='grc'>595</span> 
     </span>
    </p>

    <p class='ocr_par' dir='ltr' id='par_1_7' title="bbox 352 800 1434 868">
     <span class='ocr_line' id='line_1_8' title="bbox 352 800 1434 868; baseline 0.003 -16"><span class='ocrx_word' id='word_1_42' title='bbox 352 803 379 852; x_wconf 81' lang='grc' dir='ltr'>ὁ</span> <span class='ocrx_word' id='word_1_43' title='bbox 399 804 498 867; x_wconf 66' lang='grc' dir='ltr'>,μὲν</span> <span class='ocrx_word' id='word_1_44' title='bbox 529 801 742 868; x_wconf 88' lang='grc' dir='ltr'>πονηρὸς</span> <span class='ocrx_word' id='word_1_45' title='bbox 772 801 914 854; x_wconf 83' lang='grc' dir='ltr'>οὐδὲν</span> <span class='ocrx_word' id='word_1_46' title='bbox 944 800 1074 853; x_wconf 87' lang='grc' dir='ltr'>ἄλλο</span> <span class='ocrx_word' id='word_1_47' title='bbox 1105 801 1238 866; x_wconf 78' lang='grc' dir='ltr'>πλὴν</span> <span class='ocrx_word' id='word_1_48' title='bbox 1273 802 1434 860; x_wconf 84' lang='grc' dir='ltr'>κακός,</span> 
     </span>
    </p>

    <p class='ocr_par' dir='ltr' id='par_1_8' title="bbox 352 885 1460 952">
     <span class='ocr_line' id='line_1_9' title="bbox 352 885 1460 952; baseline 0 -16"><span class='ocrx_word' id='word_1_49' title='bbox 352 887 380 936; x_wconf 84' lang='grc' dir='ltr'>ὁ</span> <span class='ocrx_word' id='word_1_50' title='bbox 409 885 452 937; x_wconf 87' lang='grc' dir='ltr'>δ’</span> <span class='ocrx_word' id='word_1_51' title='bbox 485 885 667 939; x_wconf 85' lang='grc' dir='ltr'>ἐσθλὸς</span> <span class='ocrx_word' id='word_1_52' title='bbox 699 886 898 944; x_wconf 85' lang='grc' dir='ltr'>ἐσθλός,</span> <span class='ocrx_word' id='word_1_53' title='bbox 932 886 1044 938; x_wconf 79' lang='grc' dir='ltr'>οὐδὲ</span> <span class='ocrx_word' id='word_1_54' title='bbox 1074 889 1336 952; x_wconf 79' lang='grc' dir='ltr'>συμφορᾶς</span> <span class='ocrx_word' id='word_1_55' title='bbox 1364 887 1460 937; x_wconf 85' lang='grc' dir='ltr'>ὕπο</span> 
     </span>
    </p>

    <p class='ocr_par' dir='ltr' id='par_1_9' title="bbox 352 969 1484 1038">
     <span class='ocr_line' id='line_1_10' title="bbox 352 969 1484 1038; baseline 0 -17"><span class='ocrx_word' id='word_1_56' title='bbox 352 970 510 1036; x_wconf 86' lang='grc' dir='ltr'>φύσιν</span> <span class='ocrx_word' id='word_1_57' title='bbox 539 969 794 1037; x_wconf 88' lang='grc' dir='ltr'>διέφθειρ’,</span> <span class='ocrx_word' id='word_1_58' title='bbox 828 970 963 1021; x_wconf 82' lang='grc' dir='ltr'>ἀλλὰ</span> <span class='ocrx_word' id='word_1_59' title='bbox 994 970 1215 1038; x_wconf 90' lang='grc' dir='ltr'>χρηστός</span> <span class='ocrx_word' id='word_1_60' title='bbox 1247 969 1352 1021; x_wconf 83' lang='grc' dir='ltr'>ἐστ’</span> <span class='ocrx_word' id='word_1_61' title='bbox 1384 970 1484 1030; x_wconf 65' lang='lat' dir='ltr'>ezec,-</span> 
     </span>
    </p>

    <p class='ocr_par' dir='ltr' id='par_1_10' title="bbox 350 1049 1411 1121">
     <span class='ocr_line' id='line_1_11' title="bbox 350 1049 1411 1121; baseline 0 -16"><span class='ocrx_word' id='word_1_62' title='bbox 350 1053 428 1120; x_wconf 81' lang='grc' dir='ltr'>ἆρ’</span> <span class='ocrx_word' id='word_1_63' title='bbox 458 1056 504 1106; x_wconf 83' lang='grc' dir='ltr'>οἱ</span> <span class='ocrx_word' id='word_1_64' title='bbox 533 1054 759 1107; x_wconf 87' lang='grc' dir='ltr'>τεκόντες</span> <span class='ocrx_word' id='word_1_65' title='bbox 789 1052 1116 1121; x_wconf 86' lang='grc' dir='ltr'>διαφέρουσιν</span> <span class='ocrx_word' id='word_1_66' title='bbox 1146 1049 1176 1118; x_wconf 87' lang='grc' dir='ltr'>ἢ</span> <span class='ocrx_word' id='word_1_67' title='bbox 1206 1054 1411 1121; x_wconf 88' lang='grc' dir='ltr'>τροφαί;</span> 
     </span>
    </p>

    <p class='ocr_par' dir='ltr' id='par_1_11' title="bbox 350 1128 1896 1206">
     <span class='ocr_line' id='line_1_12' title="bbox 350 1128 1896 1206; baseline 0.001 -17"><span class='ocrx_word' id='word_1_68' title='bbox 350 1137 457 1206; x_wconf 87' lang='grc' dir='ltr'>ἔχει</span> <span class='ocrx_word' id='word_1_69' title='bbox 487 1159 546 1204; x_wconf 90' lang='grc' dir='ltr'>γε</span> <span class='ocrx_word' id='word_1_70' title='bbox 573 1128 744 1203; x_wconf 88' lang='grc' dir='ltr'>μέντοι</span> <span class='ocrx_word' id='word_1_71' title='bbox 776 1138 855 1189; x_wconf 85' lang='grc' dir='ltr'>καὶ</span> <span class='ocrx_word' id='word_1_72' title='bbox 886 1137 943 1188; x_wconf 84' lang='grc' dir='ltr'>τὸ</span> <span class='ocrx_word' id='word_1_73' title='bbox 975 1141 1251 1205; x_wconf 90' lang='grc' dir='ltr'>θρεφθῆναι</span> <span class='ocrx_word' id='word_1_74' title='bbox 1283 1144 1445 1191; x_wconf 83' lang='grc' dir='ltr'>καλῶς</span> <span class='ocrx_word' id='word_1_75' title='bbox 1811 1142 1896 1182; x_wconf 96' lang='grc'>600</span> 
     </span>
    </p>

    <p class='ocr_par' dir='ltr' id='par_1_12' title="bbox 348 1220 1491 1293">
     <span class='ocr_line' id='line_1_13' title="bbox 348 1220 1491 1293; baseline -0.002 -19"><span class='ocrx_word' id='word_1_76' title='bbox 348 1220 538 1286; x_wconf 82' lang='grc' dir='ltr'>δίδαξιν</span> <span class='ocrx_word' id='word_1_77' title='bbox 569 1224 771 1273; x_wconf 80' lang='grc' dir='ltr'>ἐσθλοῦ·</span> <span class='ocrx_word' id='word_1_78' title='bbox 817 1226 962 1273; x_wconf 90' lang='grc' dir='ltr'>τοῦτο</span> <span class='ocrx_word' id='word_1_79' title='bbox 994 1221 1036 1274; x_wconf 83' lang='grc' dir='ltr'>δ’</span> <span class='ocrx_word' id='word_1_80' title='bbox 1065 1221 1126 1287; x_wconf 87' lang='grc' dir='ltr'>ἤν</span> <span class='ocrx_word' id='word_1_81' title='bbox 1156 1243 1230 1276; x_wconf 91' lang='grc' dir='ltr'>τις</span> <span class='ocrx_word' id='word_1_82' title='bbox 1262 1223 1314 1273; x_wconf 78' lang='grc' dir='ltr'>εὖ</span> <span class='ocrx_word' id='word_1_83' title='bbox 1343 1221 1491 1293; x_wconf 83' lang='grc' dir='ltr'>μάθῃ,</span> 
     </span>
    </p>

    <p class='ocr_par' dir='ltr' id='par_1_13' title="bbox 350 1305 1627 1373">
     <span class='ocr_line' id='line_1_14' title="bbox 350 1305 1627 1373; baseline 0.001 -17"><span class='ocrx_word' id='word_1_84' title='bbox 350 1305 482 1358; x_wconf 85' lang='grc' dir='ltr'>οἶδεν</span> <span class='ocrx_word' id='word_1_85' title='bbox 510 1306 570 1356; x_wconf 90' lang='grc' dir='ltr'>τό</span> <span class='ocrx_word' id='word_1_86' title='bbox 598 1305 645 1372; x_wconf 91' lang='grc' dir='ltr'>γ’</span> <span class='ocrx_word' id='word_1_87' title='bbox 676 1306 906 1373; x_wconf 82' lang='grc' dir='ltr'>αἰσχρόν,</span> <span class='ocrx_word' id='word_1_88' title='bbox 944 1306 1112 1358; x_wconf 89' lang='grc' dir='ltr'>κανόνι</span> <span class='ocrx_word' id='word_1_89' title='bbox 1141 1310 1227 1357; x_wconf 93' lang='grc' dir='ltr'>τοῦ</span> <span class='ocrx_word' id='word_1_90' title='bbox 1259 1311 1412 1357; x_wconf 91' lang='grc' dir='ltr'>καλοῦ</span> <span class='ocrx_word' id='word_1_91' title='bbox 1440 1305 1627 1371; x_wconf 84' lang='grc' dir='ltr'>μαθών.</span> 
     </span>
    </p>

    <p class='ocr_par' dir='ltr' id='par_1_14' title="bbox 349 1388 1464 1455">
     <span class='ocr_line' id='line_1_15' title="bbox 349 1388 1464 1455; baseline 0.001 -14"><span class='ocrx_word' id='word_1_92' title='bbox 349 1389 429 1441; x_wconf 88' lang='grc' dir='ltr'>καὶ</span> <span class='ocrx_word' id='word_1_93' title='bbox 458 1394 612 1441; x_wconf 90' lang='grc' dir='ltr'>ταῦτα</span> <span class='ocrx_word' id='word_1_94' title='bbox 639 1392 731 1455; x_wconf 78' lang='grc' dir='ltr'>μὲν</span> <span class='ocrx_word' id='word_1_95' title='bbox 763 1389 822 1453; x_wconf 81' lang='grc' dir='ltr'>δὴ</span> <span class='ocrx_word' id='word_1_96' title='bbox 852 1389 967 1443; x_wconf 83' lang='grc' dir='ltr'>νοὺς</span> <span class='ocrx_word' id='word_1_97' title='bbox 997 1388 1260 1454; x_wconf 83' lang='grc' dir='ltr'>ἐτόξευσεν</span> <span class='ocrx_word' id='word_1_98' title='bbox 1288 1389 1464 1455; x_wconf 90' lang='grc' dir='ltr'>μάτην·</span> 
     </span>
    </p>

    <p class='ocr_par' dir='ltr' id='par_1_15' title="bbox 348 1472 1440 1541">
     <span class='ocr_line' id='line_1_16' title="bbox 348 1472 1440 1541; baseline 0.001 -17"><span class='ocrx_word' id='word_1_99' title='bbox 348 1474 412 1525; x_wconf 86' lang='grc' dir='ltr'>σὺ</span> <span class='ocrx_word' id='word_1_100' title='bbox 442 1473 484 1524; x_wconf 85' lang='grc' dir='ltr'>δ’</span> <span class='ocrx_word' id='word_1_101' title='bbox 516 1475 633 1525; x_wconf 78' lang='grc' dir='ltr'>ἐλθὲ</span> <span class='ocrx_word' id='word_1_102' title='bbox 664 1474 743 1526; x_wconf 87' lang='grc' dir='ltr'>καὶ</span> <span class='ocrx_word' id='word_1_103' title='bbox 778 1472 1002 1539; x_wconf 90' lang='grc' dir='ltr'>σήμηνον</span> <span class='ocrx_word' id='word_1_104' title='bbox 1033 1474 1280 1541; x_wconf 78' lang='grc' dir='ltr'>Ἀργείοις</span> <span class='ocrx_word' id='word_1_105' title='bbox 1308 1473 1440 1533; x_wconf 89' lang='grc' dir='ltr'>τάδε,</span> 
     </span>
    </p>

    <p class='ocr_par' dir='ltr' id='par_1_16' title="bbox 346 1556 1890 1626">
     <span class='ocr_line' id='line_1_17' title="bbox 346 1556 1890 1626; baseline 0.003 -18"><span class='ocrx_word' id='word_1_106' title='bbox 346 1557 414 1623; x_wconf 83' lang='grc' dir='ltr'>μὴ</span> <span class='ocrx_word' id='word_1_107' title='bbox 446 1556 700 1624; x_wconf 84' lang='grc' dir='ltr'>θιγγάνειν</span> <span class='ocrx_word' id='word_1_108' title='bbox 730 1579 815 1623; x_wconf 92' lang='grc' dir='ltr'>μοι</span> <span class='ocrx_word' id='word_1_109' title='bbox 845 1557 1031 1623; x_wconf 87' lang='grc' dir='ltr'>μηδέν’,</span> <span class='ocrx_word' id='word_1_110' title='bbox 1066 1558 1182 1610; x_wconf 84' lang='grc' dir='ltr'>ἀλλ’</span> <span class='ocrx_word' id='word_1_111' title='bbox 1214 1560 1395 1625; x_wconf 86' lang='grc' dir='ltr'>εἵργειν</span> <span class='ocrx_word' id='word_1_112' title='bbox 1424 1560 1598 1626; x_wconf 81' lang='grc' dir='ltr'>ὄχλον,</span> <span class='ocrx_word' id='word_1_113' title='bbox 1810 1562 1890 1613; x_wconf 88' lang='grc'>605</span> 
     </span>
    </p>

    <p class='ocr_par' dir='ltr' id='par_1_17' title="bbox 345 1641 1442 1712">
     <span class='ocr_line' id='line_1_18' title="bbox 345 1641 1442 1712; baseline 0.001 -19"><span class='ocrx_word' id='word_1_114' title='bbox 345 1645 432 1706; x_wconf 87' lang='grc' dir='ltr'>τῆς</span> <span class='ocrx_word' id='word_1_115' title='bbox 461 1642 652 1696; x_wconf 91' lang='grc' dir='ltr'>παιδός.</span> <span class='ocrx_word' id='word_1_116' title='bbox 741 1641 794 1694; x_wconf 84' lang='grc' dir='ltr'>ἕν</span> <span class='ocrx_word' id='word_1_117' title='bbox 825 1663 900 1693; x_wconf 92' lang='grc' dir='ltr'>τοι</span> <span class='ocrx_word' id='word_1_118' title='bbox 929 1643 1082 1712; x_wconf 80' lang='grc' dir='ltr'>μυρίῳ</span> <span class='ocrx_word' id='word_1_119' title='bbox 1114 1643 1442 1709; x_wconf 85' lang='grc' dir='ltr'>στρατεύματι</span> 
     </span>
    </p>

    <p class='ocr_par' dir='ltr' id='par_1_18' title="bbox 347 1725 1360 1795">
     <span class='ocr_line' id='line_1_19' title="bbox 347 1725 1360 1795; baseline 0 -17"><span class='ocrx_word' id='word_1_120' title='bbox 347 1727 626 1780; x_wconf 85' lang='grc' dir='ltr'>ἀκόλαστος</span> <span class='ocrx_word' id='word_1_121' title='bbox 655 1728 811 1794; x_wconf 82' lang='grc' dir='ltr'>ὄχλος</span> <span class='ocrx_word' id='word_1_122' title='bbox 840 1725 1041 1790; x_wconf 89' lang='grc' dir='ltr'>ναυτική</span> <span class='ocrx_word' id='word_1_123' title='bbox 1071 1726 1114 1778; x_wconf 86' lang='grc' dir='ltr'>τ’</span> <span class='ocrx_word' id='word_1_124' title='bbox 1146 1728 1360 1795; x_wconf 84' lang='grc' dir='ltr'>ἀναρχία</span> 
     </span>
    </p>

    <p class='ocr_par' dir='ltr' id='par_1_19' title="bbox 348 1810 1633 1878">
     <span class='ocr_line' id='line_1_20' title="bbox 348 1810 1633 1878; baseline 0 -15"><span class='ocrx_word' id='word_1_125' title='bbox 348 1812 596 1877; x_wconf 88' lang='grc' dir='ltr'>κρείσσων</span> <span class='ocrx_word' id='word_1_126' title='bbox 627 1812 795 1878; x_wconf 88' lang='grc' dir='ltr'>πυρός,</span> <span class='ocrx_word' id='word_1_127' title='bbox 832 1810 977 1864; x_wconf 87' lang='grc' dir='ltr'>κακὸς</span> <span class='ocrx_word' id='word_1_128' title='bbox 1006 1811 1049 1862; x_wconf 89' lang='grc' dir='ltr'>δ’</span> <span class='ocrx_word' id='word_1_129' title='bbox 1081 1813 1107 1861; x_wconf 93' lang='grc' dir='ltr'>ὁ</span> <span class='ocrx_word' id='word_1_130' title='bbox 1135 1810 1202 1876; x_wconf 88' lang='grc' dir='ltr'>μή</span> <span class='ocrx_word' id='word_1_131' title='bbox 1234 1832 1279 1863; x_wconf 91' lang='grc' dir='ltr'>τι</span> <span class='ocrx_word' id='word_1_132' title='bbox 1310 1815 1437 1878; x_wconf 83' lang='grc' dir='ltr'>δρῶν</span> <span class='ocrx_word' id='word_1_133' title='bbox 1469 1810 1633 1863; x_wconf 92' lang='grc' dir='ltr'>κακόν.</span> 
     </span>
    </p>

    <p class='ocr_par' dir='ltr' id='par_1_20' title="bbox 348 1893 1467 1963">
     <span class='ocr_line' id='line_1_21' title="bbox 348 1893 1467 1963; baseline 0 -18"><span class='ocrx_word' id='word_1_134' title='bbox 348 1894 412 1946; x_wconf 84' lang='grc' dir='ltr'>σὺ</span> <span class='ocrx_word' id='word_1_135' title='bbox 441 1894 483 1946; x_wconf 86' lang='grc' dir='ltr'>δ’</span> <span class='ocrx_word' id='word_1_136' title='bbox 515 1895 574 1945; x_wconf 80' lang='grc' dir='ltr'>αὖ</span> <span class='ocrx_word' id='word_1_137' title='bbox 603 1900 841 1961; x_wconf 78' lang='grc' dir='ltr'>λαβοῦσα</span> <span class='ocrx_word' id='word_1_138' title='bbox 871 1899 1061 1963; x_wconf 90' lang='grc' dir='ltr'>τεῦχος,</span> <span class='ocrx_word' id='word_1_139' title='bbox 1096 1896 1278 1962; x_wconf 85' lang='grc' dir='ltr'>ἀρχαία</span> <span class='ocrx_word' id='word_1_140' title='bbox 1306 1893 1467 1962; x_wconf 89' lang='grc' dir='ltr'>λάτρι,</span> 
     </span>
    </p>

    <p class='ocr_par' dir='ltr' id='par_1_21' title="bbox 345 1977 1890 2046">
     <span class='ocr_line' id='line_1_22' title="bbox 345 1977 1890 2046; baseline 0.001 -16"><span class='ocrx_word' id='word_1_141' title='bbox 345 1977 550 2046; x_wconf 82' lang='grc' dir='ltr'>βάψασ’</span> <span class='ocrx_word' id='word_1_142' title='bbox 581 1979 753 2046; x_wconf 84' lang='grc' dir='ltr'>ἔνεγκε</span> <span class='ocrx_word' id='word_1_143' title='bbox 782 1983 922 2046; x_wconf 91' lang='grc' dir='ltr'>δεῦρο</span> <span class='ocrx_word' id='word_1_144' title='bbox 955 1980 1160 2032; x_wconf 86' lang='grc' dir='ltr'>ποντίας</span> <span class='ocrx_word' id='word_1_145' title='bbox 1191 1980 1327 2038; x_wconf 85' lang='grc' dir='ltr'>ἁλός,</span> <span class='ocrx_word' id='word_1_146' title='bbox 1808 1984 1890 2024; x_wconf 83' lang='grc'>610</span> 
     </span>
    </p>

    <p class='ocr_par' dir='ltr' id='par_1_22' title="bbox 348 2061 1513 2130">
     <span class='ocr_line' id='line_1_23' title="bbox 348 2061 1513 2130; baseline 0.001 -16"><span class='ocrx_word' id='word_1_147' title='bbox 348 2063 412 2116; x_wconf 84' lang='grc' dir='ltr'>ὡς</span> <span class='ocrx_word' id='word_1_148' title='bbox 443 2066 593 2115; x_wconf 85' lang='grc' dir='ltr'>παῖδα</span> <span class='ocrx_word' id='word_1_149' title='bbox 621 2068 847 2130; x_wconf 83' lang='grc' dir='ltr'>λουτροῖς</span> <span class='ocrx_word' id='word_1_150' title='bbox 875 2069 980 2118; x_wconf 83' lang='grc' dir='ltr'>τοῖς</span> <span class='ocrx_word' id='word_1_151' title='bbox 1011 2063 1346 2117; x_wconf 87' lang='grc' dir='ltr'>πανυστάτοις</span> <span class='ocrx_word' id='word_1_152' title='bbox 1377 2061 1513 2129; x_wconf 82' lang='grc' dir='ltr'>ἐμήν,</span> 
     </span>
    </p>

    <p class='ocr_par' dir='ltr' id='par_1_23' title="bbox 345 2146 1550 2214">
     <span class='ocr_line' id='line_1_24' title="bbox 345 2146 1550 2214; baseline 0.001 -16"><span class='ocrx_word' id='word_1_153' title='bbox 345 2146 544 2214; x_wconf 84' lang='grc' dir='ltr'>νύμφην</span> <span class='ocrx_word' id='word_1_154' title='bbox 573 2147 617 2198; x_wconf 87' lang='grc' dir='ltr'>τ’</span> <span class='ocrx_word' id='word_1_155' title='bbox 648 2146 878 2214; x_wconf 84' lang='grc' dir='ltr'>ἄνυμφον</span> <span class='ocrx_word' id='word_1_156' title='bbox 908 2147 1154 2214; x_wconf 84' lang='grc' dir='ltr'>παρθένον</span> <span class='ocrx_word' id='word_1_157' title='bbox 1184 2147 1225 2199; x_wconf 91' lang='grc' dir='ltr'>τ’</span> <span class='ocrx_word' id='word_1_158' title='bbox 1257 2147 1550 2214; x_wconf 86' lang='grc' dir='ltr'>ἀπάρθενον,</span> 
     </span>
    </p>

    <p class='ocr_par' dir='ltr' id='par_1_24' title="bbox 345 2230 1507 2298">
     <span class='ocr_line' id='line_1_25' title="bbox 345 2230 1507 2298; baseline 0.001 -16"><span class='ocrx_word' id='word_1_159' title='bbox 345 2231 514 2282; x_wconf 89' lang='grc' dir='ltr'>λούσω</span> <span class='ocrx_word' id='word_1_160' title='bbox 544 2232 805 2298; x_wconf 86' lang='grc' dir='ltr'>προθῶμαί</span> <span class='ocrx_word' id='word_1_161' title='bbox 833 2231 1015 2285; x_wconf 75' lang='grc' dir='ltr'>θ’-ὦς</span> <span class='ocrx_word' id='word_1_162' title='bbox 1045 2234 1136 2297; x_wconf 80' lang='grc' dir='ltr'>μὲν</span> <span class='ocrx_word' id='word_1_163' title='bbox 1167 2230 1296 2296; x_wconf 81' lang='grc' dir='ltr'>ἀξία,</span> <span class='ocrx_word' id='word_1_164' title='bbox 1331 2233 1507 2290; x_wconf 86' lang='grc' dir='ltr'>πόθεν,·</span> 
     </span>
    </p>

    <p class='ocr_par' dir='ltr' id='par_1_25' title="bbox 344 2314 1643 2384">
     <span class='ocr_line' id='line_1_26' title="bbox 344 2314 1643 2384; baseline 0.001 -18"><span class='ocrx_word' id='word_1_165' title='bbox 344 2314 430 2367; x_wconf 81' lang='grc' dir='ltr'>οὐκ</span> <span class='ocrx_word' id='word_1_166' title='bbox 461 2314 521 2367; x_wconf 80' lang='grc' dir='ltr'>ἂν</span> <span class='ocrx_word' id='word_1_167' title='bbox 553 2316 804 2381; x_wconf 86' lang='grc' dir='ltr'>δυναίμην·</span> <span class='ocrx_word' id='word_1_168' title='bbox 852 2315 918 2370; x_wconf 82' lang='grc' dir='ltr'>ὡς</span> <span class='ocrx_word' id='word_1_169' title='bbox 948 2315 990 2367; x_wconf 84' lang='grc' dir='ltr'>δ’</span> <span class='ocrx_word' id='word_1_170' title='bbox 1021 2315 1250 2384; x_wconf 86' lang='grc' dir='ltr'>ἕχω--τί</span> <span class='ocrx_word' id='word_1_171' title='bbox 1274 2317 1370 2382; x_wconf 79' lang='grc' dir='ltr'>γὰρ</span> <span class='ocrx_word' id='word_1_172' title='bbox 1401 2314 1540 2367; x_wconf 87' lang='grc' dir='ltr'>πάθω</span> <span class='ocrx_word' id='word_1_173' title='bbox 1549 2335 1643 2375; x_wconf 88' lang='lat'><strong>‚··-—·</strong></span> 
     </span>
    </p>

    <p class='ocr_par' dir='ltr' id='par_1_26' title="bbox 345 2399 1885 2468">
     <span class='ocr_line' id='line_1_27' title="bbox 345 2399 1885 2468; baseline 0 -18"><span class='ocrx_word' id='word_1_174' title='bbox 345 2400 533 2464; x_wconf 92' lang='grc' dir='ltr'>κόσμον</span> <span class='ocrx_word' id='word_1_175' title='bbox 563 2399 607 2451; x_wconf 93' lang='grc' dir='ltr'>τ’</span> <span class='ocrx_word' id='word_1_176' title='bbox 638 2399 864 2467; x_wconf 84' lang='grc' dir='ltr'>ἀγείρασ’</span> <span class='ocrx_word' id='word_1_177' title='bbox 896 2400 1279 2468; x_wconf 83' lang='grc' dir='ltr'>αἰχμαλωτίδων</span> <span class='ocrx_word' id='word_1_178' title='bbox 1309 2399 1456 2466; x_wconf 89' lang='grc' dir='ltr'>πάρα,</span> <span class='ocrx_word' id='word_1_179' title='bbox 1805 2404 1885 2455; x_wconf 88' lang='lat'>615</span> 
     </span>
    </p>

    <p class='ocr_par' dir='ltr' id='par_1_27' title="bbox 343 2482 1444 2550">
     <span class='ocr_line' id='line_1_28' title="bbox 343 2482 1444 2550; baseline 0 -16"><span class='ocrx_word' id='word_1_180' title='bbox 343 2484 400 2534; x_wconf 82' lang='grc' dir='ltr'>αἵ</span> <span class='ocrx_word' id='word_1_181' title='bbox 421 2505 506 2548; x_wconf 94' lang='grc' dir='ltr'>μοι</span> <span class='ocrx_word' id='word_1_182' title='bbox 536 2482 770 2550; x_wconf 89' lang='grc' dir='ltr'>πάρεδροι</span> <span class='ocrx_word' id='word_1_183' title='bbox 799 2484 942 2535; x_wconf 83' lang='grc' dir='ltr'>τῶνδ’</span> <span class='ocrx_word' id='word_1_184' title='bbox 974 2485 1074 2536; x_wconf 86' lang='grc' dir='ltr'>ἔσω</span> <span class='ocrx_word' id='word_1_185' title='bbox 1107 2482 1444 2549; x_wconf 87' lang='grc' dir='ltr'>σκηνωμάτων</span> 
     </span>
    </p>

    <p class='ocr_par' dir='ltr' id='par_1_28' title="bbox 343 2567 1395 2626">
     <span class='ocr_line' id='line_1_29' title="bbox 343 2567 1395 2626; baseline 0.003 -7"><span class='ocrx_word' id='word_1_186' title='bbox 343 2568 584 2626; x_wconf 91' lang='grc' dir='ltr'>ναίουσιν,</span> <span class='ocrx_word' id='word_1_187' title='bbox 618 2568 665 2619; x_wconf 83' lang='grc' dir='ltr'>εἴ</span> <span class='ocrx_word' id='word_1_188' title='bbox 690 2589 763 2620; x_wconf 91' lang='grc' dir='ltr'>τις</span> <span class='ocrx_word' id='word_1_189' title='bbox 793 2567 907 2620; x_wconf 81' lang='grc' dir='ltr'>τοὺς</span> <span class='ocrx_word' id='word_1_190' title='bbox 937 2567 1117 2620; x_wconf 85' lang='grc' dir='ltr'>νεωστὶ</span> <span class='ocrx_word' id='word_1_191' title='bbox 1148 2569 1395 2622; x_wconf 83' lang='grc' dir='ltr'>δεσπότας</span> 
     </span>
    </p>
   </div>
   <div class='ocr_carea' id='block_1_3' title="bbox 214 2683 1885 2900">
    <p class='ocr_par' dir='ltr' id='par_1_29' title="bbox 214 2683 1885 2900">
     <span class='ocr_line' id='line_1_30' title="bbox 271 2683 1884 2738; baseline -0.001 -14"><span class='ocrx_word' id='word_1_192' title='bbox 271 2695 351 2735; x_wconf 88' lang='grc'>593</span> <span class='ocrx_word' id='word_1_193' title='bbox 381 2683 425 2724; x_wconf 75' lang='grc' dir='ltr'>εὖ</span> <span class='ocrx_word' id='word_1_194' title='bbox 454 2683 614 2736; x_wconf 78' lang='grc' dir='ltr'>στάχυν</span> <span class='ocrx_word' id='word_1_195' title='bbox 636 2685 670 2723; x_wconf 95' lang='lat' dir='ltr'><strong>L</strong></span> <span class='ocrx_word' id='word_1_196' title='bbox 687 2685 748 2723; x_wconf 90' lang='lat' dir='ltr'>P:</span> <span class='ocrx_word' id='word_1_197' title='bbox 779 2687 985 2736; x_wconf 77' lang='grc' dir='ltr'>εὔσταχυν</span> <span class='ocrx_word' id='word_1_198' title='bbox 1007 2685 1096 2724; x_wconf 85' lang='lat' dir='ltr'><strong>rell.</strong></span> <span class='ocrx_word' id='word_1_199' title='bbox 1324 2696 1404 2734; x_wconf 88' lang='lat'>595</span> <span class='ocrx_word' id='word_1_200' title='bbox 1436 2685 1630 2738; x_wconf 77' lang='grc' dir='ltr'>ἅνθρωποι</span> <span class='ocrx_word' id='word_1_201' title='bbox 1662 2684 1884 2724; x_wconf 86' lang='lat' dir='ltr'>Hermann</span> 
     </span>
     <span class='ocr_line' id='line_1_31' title="bbox 219 2738 1885 2792; baseline 0 -12"><span class='ocrx_word' id='word_1_202' title='bbox 219 2738 315 2791; x_wconf 82' lang='grc' dir='ltr'>(-οις</span> <span class='ocrx_word' id='word_1_203' title='bbox 330 2738 378 2787; x_wconf 78' lang='grc' dir='ltr'>Σ)</span> <span class='ocrx_word' id='word_1_204' title='bbox 493 2741 682 2789; x_wconf 85' lang='grc'>596-597</span> <span class='ocrx_word' id='word_1_205' title='bbox 713 2741 824 2788; x_wconf 80' lang='grc' dir='ltr'>πλὴν</span> <span class='ocrx_word' id='word_1_206' title='bbox 840 2738 999 2788; x_wconf 84' lang='grc' dir='ltr'>κακούς,</span> <span class='ocrx_word' id='word_1_207' title='bbox 1017 2742 1038 2780; x_wconf 81' lang='grc' dir='ltr'>ὁ</span> <span class='ocrx_word' id='word_1_208' title='bbox 1055 2739 1090 2780; x_wconf 86' lang='grc' dir='ltr'>δ’</span> <span class='ocrx_word' id='word_1_209' title='bbox 1106 2740 1251 2780; x_wconf 80' lang='grc' dir='ltr'>ἐσθλὸς</span> <span class='ocrx_word' id='word_1_210' title='bbox 1269 2739 1435 2781; x_wconf 80' lang='grc' dir='ltr'>ἐσθλούς</span> <span class='ocrx_word' id='word_1_211' title='bbox 1448 2739 1613 2778; x_wconf 85' lang='lat' dir='ltr'><strong>Verrall</strong></span> <span class='ocrx_word' id='word_1_212' title='bbox 1724 2741 1805 2778; x_wconf 90' lang='lat'>600</span> <span class='ocrx_word' id='word_1_213' title='bbox 1833 2757 1885 2792; x_wconf 84' lang='grc' dir='ltr'>γε</span> 
     </span>
     <span class='ocr_line' id='line_1_32' title="bbox 216 2793 1880 2847; baseline -0.001 -13"><span class='ocrx_word' id='word_1_214' title='bbox 216 2809 279 2834; x_wconf 84' lang='grc' dir='ltr'>τοι</span> <span class='ocrx_word' id='word_1_215' title='bbox 307 2810 349 2833; x_wconf 83' lang='grc' dir='ltr'>τι</span> <span class='ocrx_word' id='word_1_216' title='bbox 377 2793 419 2831; x_wconf 93' lang='grc' dir='ltr'><strong>Μ</strong></span> <span class='ocrx_word' id='word_1_217' title='bbox 436 2793 470 2832; x_wconf 91' lang='grc' dir='ltr'><strong>Β</strong></span> <span class='ocrx_word' id='word_1_218' title='bbox 487 2794 530 2833; x_wconf 90' lang='lat' dir='ltr'>l:</span> <span class='ocrx_word' id='word_1_219' title='bbox 566 2810 618 2846; x_wconf 82' lang='grc' dir='ltr'>γε</span> <span class='ocrx_word' id='word_1_220' title='bbox 646 2811 711 2835; x_wconf 80' lang='grc' dir='ltr'>τοι</span> <span class='ocrx_word' id='word_1_221' title='bbox 737 2793 776 2833; x_wconf 90' lang='grc' dir='ltr'><strong>Α</strong></span> <span class='ocrx_word' id='word_1_222' title='bbox 886 2796 1085 2847; x_wconf 82' lang='grc' dir='ltr'>τραφῆναι</span> <span class='ocrx_word' id='word_1_223' title='bbox 1114 2793 1148 2831; x_wconf 93' lang='lat' dir='ltr'><strong>L</strong></span> <span class='ocrx_word' id='word_1_224' title='bbox 1178 2807 1272 2832; x_wconf 91' lang='lat' dir='ltr'>cum</span> <span class='ocrx_word' id='word_1_225' title='bbox 1304 2793 1460 2843; x_wconf 80' lang='lat' dir='ltr'><strong>Georg.</strong></span> <span class='ocrx_word' id='word_1_226' title='bbox 1494 2794 1696 2843; x_wconf 86' lang='lat' dir='ltr'>Pachym.</span> <span class='ocrx_word' id='word_1_227' title='bbox 1733 2807 1771 2844; x_wconf 93' lang='lat' dir='ltr'>p.</span> <span class='ocrx_word' id='word_1_228' title='bbox 1810 2807 1880 2842; x_wconf 94' lang='lat'>171</span> 
     </span>
     <span class='ocr_line' id='line_1_33' title="bbox 214 2848 1883 2900; baseline 0.002 -14"><span class='ocrx_word' id='word_1_229' title='bbox 214 2848 297 2886; x_wconf 82' lang='lat'>602</span> <span class='ocrx_word' id='word_1_230' title='bbox 334 2851 494 2900; x_wconf 81' lang='grc' dir='ltr'>μετρῶν</span> <span class='ocrx_word' id='word_1_231' title='bbox 524 2848 689 2887; x_wconf 89' lang='lat' dir='ltr'>Porson</span> <span class='ocrx_word' id='word_1_232' title='bbox 819 2848 901 2898; x_wconf 89' lang='lat'>605</span> <span class='ocrx_word' id='word_1_233' title='bbox 938 2864 1006 2898; x_wconf 87' lang='grc' dir='ltr'>μοι</span> <span class='ocrx_word' id='word_1_234' title='bbox 1038 2848 1295 2897; x_wconf 84' lang='lat' dir='ltr'>Byzantini:</span> <span class='ocrx_word' id='word_1_235' title='bbox 1334 2862 1414 2887; x_wconf 90' lang='lat' dir='ltr'>om.</span> <span class='ocrx_word' id='word_1_236' title='bbox 1449 2849 1510 2888; x_wconf 85' lang='lat' dir='ltr'>L:</span> <span class='ocrx_word' id='word_1_237' title='bbox 1552 2866 1629 2898; x_wconf 88' lang='grc' dir='ltr'>μου</span> <span class='ocrx_word' id='word_1_238' title='bbox 1659 2849 1748 2888; x_wconf 88' lang='lat' dir='ltr'><strong>rell.</strong></span> <span class='ocrx_word' id='word_1_239' title='bbox 1779 2855 1820 2887; x_wconf 86' lang='lat' dir='ltr'>et</span> <span class='ocrx_word' id='word_1_240' title='bbox 1852 2855 1883 2890; x_wconf 86' lang='grc' dir='ltr'>Σ</span> 
     </span>
    </p>
   </div>
   <div class='ocr_carea' id='block_1_4' title="bbox 214 2902 1884 3063">
    <p class='ocr_par' dir='ltr' id='par_1_30' title="bbox 214 2902 1884 3063">
     <span class='ocr_line' id='line_1_34' title="bbox 214 2902 1884 2957; baseline 0 -16"><span class='ocrx_word' id='word_1_241' title='bbox 214 2903 297 2941; x_wconf 89' lang='lat'>606</span> <span class='ocrx_word' id='word_1_242' title='bbox 327 2904 371 2943; x_wconf 83' lang='grc' dir='ltr'>ἐν</span> <span class='ocrx_word' id='word_1_243' title='bbox 388 2903 467 2956; x_wconf 72' lang='grc' dir='ltr'>’γὰρ</span> <span class='ocrx_word' id='word_1_244' title='bbox 481 2902 521 2941; x_wconf 94' lang='lat' dir='ltr'>V</span> <span class='ocrx_word' id='word_1_245' title='bbox 535 2903 568 2942; x_wconf 94' lang='lat' dir='ltr'>L</span> <span class='ocrx_word' id='word_1_246' title='bbox 588 2904 670 2957; x_wconf 81' lang='grc' dir='ltr'>(γρ.</span> <span class='ocrx_word' id='word_1_247' title='bbox 693 2919 756 2944; x_wconf 81' lang='grc' dir='ltr'>τοι</span> <span class='ocrx_word' id='word_1_248' title='bbox 769 2902 839 2955; x_wconf 80' lang='lat' dir='ltr'>V¹)</span> <span class='ocrx_word' id='word_1_249' title='bbox 1025 2904 1107 2952; x_wconf 91' lang='lat'>609</span> <span class='ocrx_word' id='word_1_250' title='bbox 1136 2906 1284 2955; x_wconf 85' lang='grc' dir='ltr'>τεῦχος</span> <span class='ocrx_word' id='word_1_251' title='bbox 1305 2903 1346 2941; x_wconf 93' lang='grc' dir='ltr'><strong>Μ</strong></span> <span class='ocrx_word' id='word_1_252' title='bbox 1371 2902 1471 2954; x_wconf 88' lang='lat' dir='ltr'>(sic)</span> <span class='ocrx_word' id='word_1_253' title='bbox 1497 2903 1531 2941; x_wconf 93' lang='lat' dir='ltr'>B</span> <span class='ocrx_word' id='word_1_254' title='bbox 1546 2903 1585 2942; x_wconf 93' lang='lat' dir='ltr'>O</span> <span class='ocrx_word' id='word_1_255' title='bbox 1606 2918 1614 2941; x_wconf 71' lang='grc' dir='ltr'>ι</span> <span class='ocrx_word' id='word_1_256' title='bbox 1646 2904 1803 2954; x_wconf 80' lang='grc' dir='ltr'>τᾶγγος</span> <span class='ocrx_word' id='word_1_257' title='bbox 1824 2903 1884 2941; x_wconf 86' lang='lat' dir='ltr'>M2</span> 
     </span>
     <span class='ocr_line' id='line_1_35' title="bbox 215 2956 1881 3010; baseline 0.001 -15"><span class='ocrx_word' id='word_1_258' title='bbox 215 2956 306 2996; x_wconf 89' lang='lat' dir='ltr'>rell.</span> <span class='ocrx_word' id='word_1_259' title='bbox 474 2958 557 3007; x_wconf 84' lang='lat'>613</span> <span class='ocrx_word' id='word_1_260' title='bbox 586 2958 700 3010; x_wconf 74' lang='grc' dir='ltr'>ἀξίαν</span> <span class='ocrx_word' id='word_1_261' title='bbox 728 2958 763 2996; x_wconf 92' lang='grc' dir='ltr'>Β</span> <span class='ocrx_word' id='word_1_262' title='bbox 778 2958 812 2996; x_wconf 88' lang='grc' dir='ltr'>Ρ</span> <span class='ocrx_word' id='word_1_263' title='bbox 921 2956 1062 3009; x_wconf 84' lang='grc' dir='ltr'>πόθεν]</span> <span class='ocrx_word' id='word_1_264' title='bbox 1093 2974 1157 3010; x_wconf 83' lang='grc' dir='ltr'>γρ.</span> <span class='ocrx_word' id='word_1_265' title='bbox 1181 2961 1374 3010; x_wconf 82' lang='grc' dir='ltr'>τυχεῖνΣ</span> <span class='ocrx_word' id='word_1_266' title='bbox 1389 2957 1431 2996; x_wconf 93' lang='grc' dir='ltr'><strong>Μ</strong></span> <span class='ocrx_word' id='word_1_267' title='bbox 1588 2959 1671 2996; x_wconf 89' lang='lat'>616</span> <span class='ocrx_word' id='word_1_268' title='bbox 1699 2961 1782 2999; x_wconf 78' lang='grc' dir='ltr'>τῶν</span> <span class='ocrx_word' id='word_1_269' title='bbox 1802 2957 1881 2998; x_wconf 83' lang='grc' dir='ltr'>ἔσω</span> 
     </span>
     <span class='ocr_line' id='line_1_36' title="bbox 217 3010 1049 3063; baseline 0.002 -14"><span class='ocrx_word' id='word_1_270' title='bbox 217 3010 305 3050; x_wconf 92' lang='lat' dir='ltr'>MV</span> <span class='ocrx_word' id='word_1_271' title='bbox 469 3013 548 3062; x_wconf 90' lang='lat'>617</span> <span class='ocrx_word' id='word_1_272' title='bbox 580 3012 801 3054; x_wconf 81' lang='grc' dir='ltr'>θάσσουσιν</span> <span class='ocrx_word' id='word_1_273' title='bbox 818 3011 858 3050; x_wconf 95' lang='lat' dir='ltr'>V</span> <span class='ocrx_word' id='word_1_274' title='bbox 875 3010 936 3063; x_wconf 87' lang='lat' dir='ltr'>(et</span> <span class='ocrx_word' id='word_1_275' title='bbox 957 3011 996 3051; x_wconf 92' lang='grc' dir='ltr'>Ο</span> <span class='ocrx_word' id='word_1_276' title='bbox 1014 3011 1049 3063; x_wconf 74' lang='lat'>2)</span> 
     </span>
    </p>
   </div>
   <div class='ocr_carea' id='block_1_5' title="bbox 323 3067 1703 3121">
    <p class='ocr_par' dir='ltr' id='par_1_31' title="bbox 323 3067 1703 3121">
     <span class='ocr_line' id='line_1_37' title="bbox 323 3067 1703 3121; baseline 0 -1"><span class='ocrx_word' id='word_1_277' title='bbox 323 3092 427 3121; x_wconf 77' lang='lat' dir='ltr'><strong>EUR.</strong></span> <span class='ocrx_word' id='word_1_278' title='bbox 453 3093 482 3120; x_wconf 84' lang='lat'>1.</span> <span class='ocrx_word' id='word_1_279' title='bbox 1654 3067 1703 3106; x_wconf 71' lang='lat'>21</span> 
     </span>
    </p>
   </div>
  </div>
 </body>
</html>
