2118 3366
860 138 1178 186 ΜΗΔΕΙΑ

318 266 398 317 καὶ
428 269 582 317 τῶνδε
611 264 852 331 γονάτων,
889 266 954 319 ὣς
983 266 1144 331 μάτην
1177 265 1499 336 κεχρῴσμεθα

318 353 465 399 κακοῦ
493 348 615 415 πρὸς
645 349 836 416 ἀνδρός,
873 351 1092 401 ἐλπίδων
1122 350 1165 401 δ’
1197 350 1493 417 ἡμάρτομεν.

396 431 492 500 ἄγ’·
539 433 603 487 ὣς
634 435 769 504 φίλῳ
800 436 896 501 ’γὰρ
926 437 1034 487 ὄντι
1066 457 1149 486 σοι
1180 436 1484 500 κοινώσομαι

314 519 604 566 -δοκοῦσα
633 517 724 580 μὲν
754 516 808 566 τί
833 516 957 582 πρός
989 537 1046 582 ’γε
1081 521 1174 567 σοῦ
1206 515 1411 584 πράξειν
1443 522 1629 579 καλῶς,·
1780 535 1859 575 500

316 599 447 664 ὅμως
477 599 537 650 δ’·
582 599 845 665 ἐρωτηθεὶς
876 601 971 666 γὰρ
1004 602 1221 668 αἰσχίων
1253 607 1463 673 φανῇ-

317 687 403 734 νῦν
434 688 524 735 ποῖ
548 682 834 750 τράπωμαι,·
883 684 1069 751 πότερα
1099 684 1221 751 πρὸς
1251 684 1435 751 πατρὸς
1467 686 1659 751 δόμους,

317 766 400 820 οὓς
433 767 515 818 σοὶ
545 771 811 833 προδοῦσα
833 768 911 820 καὶ
941 766 1132 835 πάτραν
1163 770 1438 835 ἀφικόμην;

315 846 346 914 ἢ
376 850 499 916 πρὸς
528 852 766 904 ταλαίνας
799 851 1080 912 Πελιάδας,·
1132 858 1292 906 καλῶς
1321 852 1369 919 γ’
1402 853 1463 904 ἂν
1494 853 1580 905 οῦν

316 933 543 998 δέξαιντό
569 934 618 999 μ’
650 938 800 989 οἴκοις
833 937 902 987 ὧν
933 935 1122 1003 πατέρα
1154 936 1468 989 κατέκτανον.
1777 955 1858 994 505

317 1017 423 1086 ἔχει
451 1020 549 1085 γὰρ
578 1021 719 1070 οὕτω·
767 1024 872 1073 τοῖς
902 1023 994 1085 μὲν
1026 1022 1220 1072 οἴκοθεν
1253 1022 1422 1087 φίλοις

318 1103 473 1170 ἐχθρὰ
505 1102 792 1171 καθέστηχ’,
827 1103 910 1157 οὓς
943 1104 997 1155 δέ
1025 1103 1074 1169 μ’
1106 1105 1192 1155 οὐκ
1222 1107 1375 1172 ἐχρῆν
1406 1110 1565 1159 κακῶς

316 1189 451 1252 δρᾶν,
485 1187 567 1238 σοὶ
597 1186 743 1255 χάριν
778 1186 1007 1254 φέρουσα
1037 1190 1305 1253 πολεμίους
1337 1188 1453 1256 ἔχω.

317 1269 491 1336 τοιγάρ
520 1293 580 1335 με
611 1275 826 1325 πολλαῖς
862 1272 1107 1338 μακαρίαν
1136 1271 1450 1336 Ἑλληνίδων

317 1353 494 1418 ἔθηκας
524 1355 633 1406 ἀντὶ
664 1359 834 1406 τῶνδε·
887 1356 1175 1420 θαυμαστὸν
1205 1355 1259 1407 δέ
1291 1378 1352 1407 σε
1779 1375 1857 1414 510

317 1437 417 1505 ἔχω
449 1439 602 1489 πόσιν
634 1438 713 1489 καὶ
747 1439 928 1491 πιστὸν
959 1440 988 1503 ἡ
1025 1439 1216 1491 τάλαιν’
1249 1440 1364 1507 ἐγώ,

318 1523 360 1572 εἰ
391 1521 640 1588 φεύξομαί
666 1544 724 1588 γε
757 1527 905 1589 γαῖαν
940 1522 1310 1589 ἐκβεβλημένη,

317 1606 483 1671 φίλων
513 1606 704 1672 ἕρημος,
742 1606 835 1658 σὺν
868 1606 1057 1661 τέκνοις
1087 1609 1212 1672 μόνη
1243 1609 1486 1673 μόνοις-

315 1689 470 1740 καλόν
500 1689 547 1755 γ’
580 1692 768 1744 ὄνειδος
801 1696 867 1760 τῷ
902 1693 1082 1743 νεωστὶ
1113 1694 1326 1761 νυμφίῳ,

314 1773 545 1841 πτωχοὺς
575 1775 796 1826 ἀλᾶσθαι
831 1779 1011 1828 παῖδας
1044 1776 1074 1839 ἥ
1104 1775 1145 1826 τ’
1177 1775 1348 1844 ἕσῳσά
1380 1798 1455 1827 σε.
1780 1793 1856 1831 515

399 1853 436 1906 ὦ
469 1859 582 1914 Ζεῦ,
616 1859 668 1908 τί
692 1857 749 1921 δὴ
782 1863 972 1925 χρυσοῦ
1001 1862 1093 1924 μὲν
1123 1859 1177 1914 ὃς
1209 1861 1449 1925 κίβδηλος
1477 1859 1509 1932 ᾗ

314 1938 531 2006 τεκμήρι’
564 1940 903 2006 ἀνθρώποισιν
937 1941 1144 1994 ὤπασας
1176 1945 1333 2007 σαφῆ,

315 2025 505 2091 ἀνδρῶν
537 2023 578 2075 δ’
611 2026 705 2093 ὅτῳ
740 2024 836 2092 χρὴ
869 2023 955 2075 τὸν
988 2024 1136 2076 κακὸν
1167 2025 1413 2084 διειδέναι,

315 2107 474 2161 οὐδεὶς
504 2108 759 2176 χαρακτὴρ
793 2107 1047 2174 ἐμπέφυκε
1080 2109 1298 2173 σώματι;

189 2194 281 2243 Χο.
315 2191 449 2257 δεινή
480 2214 553 2246 τις
585 2192 706 2259 ὀργὴ
742 2194 819 2244 καὶ
851 2194 1083 2245 δυσίατος
1114 2192 1272 2251 πέλει,
1776 2212 1857 2250 520

244 2310 325 2359 498
355 2309 519 2351 ἐλπίδος
539 2311 575 2350 δ’
595 2309 635 2348 Α
802 2322 882 2358 500
912 2308 988 2360 μὲν
1006 2310 1048 2350 τί
1067 2309 1103 2347 Α
1118 2311 1226 2352 VE:
1256 2308 1331 2361 μέν
1351 2327 1391 2350 τι
1413 2310 1446 2348 L
1463 2310 1495 2348 P
1510 2311 1545 2349 B
1567 2326 1575 2349 :
1603 2327 1668 2363 γρ.
1689 2311 1786 2361 μήτι
1809 2311 1858 2349 Βι

189 2374 266 2411 501
299 2363 550 2405 3'0m.AV
773 2378 852 2414 504
883 2363 1256 2417 7’auo13vLPv:
1288 2364 1858 2406 τ’ἃνοῧννΑετὰνῦνΒ

188 2429 268 2466 505
299 2418 439 2472 πατέρ’
462 2418 688 2460 ἀπέκτανον
709 2418 748 2456 A
963 2432 1041 2468 507
1072 2418 1157 2469 οὓς]
1180 2418 1236 2459 οἷς
1256 2418 1296 2456 Α
1503 2431 1584 2468 509
1613 2421 1859 2467 Ἑλληνίδων

193 2471 312 2512 LPv
340 2479 381 2512 et
408 2473 658 2512 Alexander
686 2487 754 2523 ap.
776 2473 914 2513 Walz.
942 2474 1156 2512 Rhetores
1178 2473 1250 2512 Gr.
1272 2474 1355 2511 viii.
1377 2485 1454 2522 451
1474 2488 1481 2514 :
1514 2472 1572 2514 ἀν’
1594 2473 1773 2513 *Ελλάδα
1794 2473 1828 2511 Β
1850 2489 1859 2513 :

189 2527 368 2568 Ἑλλάδα
396 2528 672 2568 Herodianus
702 2529 753 2567 ib.
777 2541 815 2578 p.
841 2540 936 2578 590,
959 2528 1154 2566 Zonaeus
1185 2529 1238 2567 ib.
1264 2541 1302 2577 p.
1327 2530 1408 2577 679
1429 2542 1438 2566 ι
1467 2528 1553 2568 καθ’
1575 2527 1753 2568 Ἐλλάδα
1771 2527 1859 2566 AV

189 2594 267 2630 511
317 2582 487 2633 πιστὸν]
537 2585 687 2629 σεμνὸν
734 2583 1005 2622 Alexander:
1058 2584 1270 2629 κᾶπιστον,
1324 2585 1333 2602 ‘
1351 2581 1646 2632 incredibilem‚'
1695 2581 1857 2621 Verrall

190 2647 269 2684 512
297 2652 348 2688 γε
372 2637 531 2685 Haun.‚
559 2638 792 2676 Herodian.
819 2642 861 2675 et
882 2637 1040 2676 zonae.
1065 2638 1128 2676 (ut
1149 2637 1320 2686 quidem
1345 2637 1447 2675 editi
1468 2643 1580 2684 sunt,
1604 2637 1679 2675 sed
1699 2653 1750 2689 γε
1773 2650 1852 2677 om.

189 2691 308 2728 multi
340 2692 511 2731 codices
542 2692 823 2742 Herodiani):
855 2708 901 2731 τε
930 2691 1099 2730 AVB:
1133 2691 1177 2731 δὲ
1208 2691 1318 2729 LP:
1348 2693 1396 2741 δὴ
1431 2691 1631 2741 Hartung
1739 2692 1857 2743 ’γαίας

189 2743 386 2784 Zonaeus
597 2758 676 2796 513
716 2745 865 2798 φίλων]
897 2745 1028 2792 δόμων
1060 2744 1294 2785 Herodian.
1329 2752 1372 2784 et
1401 2746 1555 2785 Zonae.
1721 2746 1857 2796 μόνοις

187 2798 292 2850 μόνη
311 2799 471 2840 Zonae.
494 2805 538 2839 et
559 2801 729 2839 codices
749 2800 910 2850 aliquot
932 2799 1170 2837 Herodiani
1328 2812 1407 2849 514
1436 2805 1492 2851 τῷ
1517 2831 1525 2839 .
1548 2830 1558 2839 .
1585 2830 1595 2841 .
1617 2800 1771 2853 νυμφίῳ
1794 2799 1828 2838 Β
1847 2813 1855 2839 :

190 2861 272 2898 τῶν
302 2888 311 2897 .
332 2887 342 2896 .
367 2887 377 2897 .
412 2857 565 2910 νυμφίω
598 2857 657 2895 P:
696 2858 779 2895 τῶν
811 2883 820 2892 .
844 2883 852 2892 .
875 2883 885 2892 .
919 2855 1098 2905 νυμφίων
1126 2853 1218 2893 AV
1248 2859 1302 2902 et,
1331 2855 1410 2893 nisi
1441 2854 1577 2905 fallor,
1611 2854 1644 2894 L
1675 2855 1855 2893 fortasse

190 2914 306 2947 recte
513 2913 595 2960 516
624 2909 671 2965 ᾖ]
702 2909 752 2958 ἣν
782 2910 914 2949 Clem.
948 2909 1072 2949 Alex.
1109 2910 1262 2949 Strom.
1298 2911 1349 2949 vi.
1385 2923 1422 2959 p.
1455 2911 1548 2959 265,
1584 2908 1702 2949 Stob.
1733 2922 1772 2948 2.
1807 2910 1856 2946 16

192 2964 340 3015 (recte,
359 2970 481 3014 putat
503 2964 722 3016 Hartung)
885 2964 965 3013 518
995 2964 1107 3003 inter
1126 2966 1207 3016 χρὴ
1228 2971 1270 3003 et
1287 2966 1397 3017 χρῆν
1417 2964 1618 3003 fluctuant
1643 2963 1688 3001 L¹
1711 2968 1753 3000 et
1772 2962 1826 3001 A¹
