2118 3366
806 103 1275 152 ΙΠΠΟΛΤΤΟΣ

263 249 273 252 ”
329 236 444 290 ἀλλ’
475 233 537 300 ἐξ
560 237 674 288 ὅτου
703 256 779 290 τις
809 233 1013 299 εὐκλεὴς
1042 231 1326 301 γενήσεται.

202 325 292 389 Τρ.
323 321 376 374 τί
401 322 756 386 σεμνομυθεῖς;
802 318 859 370 οὐ
887 318 1059 384 λόγων
1090 317 1418 386 εὐσχημόνων
1783 332 1869 373 490

329 409 408 457 δεῖ
433 404 501 464 σ’,
533 405 669 456 ἀλλὰ
697 401 1063 471 τᾶνδρός.-ὦς
1092 400 1246 468 τάχος
1274 398 1538 458 διοιστέον,

328 488 417 541 τὸν
447 487 591 541 εὐθὺν
621 485 908 552 ἐξειπόντας
938 485 1069 552 ἀμφὶ
1098 489 1192 536 σοῦ
1219 485 1393 551 λόγον.

332 574 375 625 εἰ
403 574 497 638 μὲν
527 573 624 639 γὰρ
653 569 714 635 ἦν
745 592 829 622 σοι
857 569 923 635 μὴ
954 568 1026 621 ’πὶ
1057 573 1341 636 συμφοραῖς
1369 568 1485 634 βίος

330 660 568 715 τοιαῖσδε,
602 655 823 723 σώφρων
853 653 895 706 δ’
926 652 1036 705 οὖσ’
1066 653 1335 721 ἐτύγχανες
1364 650 1505 719 γυνή,

332 740 420 792 οὐκ
449 739 509 792 ἄν
539 739 649 792 ποτ’
682 738 824 804 εὐνῆς
854 736 1020 805 οὕνεχ’
1051 737 1231 802 ἡδονῆς
1259 758 1315 788 τε
1345 739 1440 801 σῆς
1787 750 1870 792 495

331 827 591 892 προσῆγον
623 822 683 875 ἄν
714 845 776 875 σε
806 826 961 889 δεῦρο·
1006 825 1092 874 νῦν
1123 820 1166 872 δ’
1197 821 1331 888 ἀγὼν
1360 819 1516 888 μέγας

333 913 500 960 σῶσαι
527 908 646 974 βίον
677 907 788 966 σόν,
823 905 937 958 κούκ
969 906 1245 973 ἐπίφθονον
1273 905 1402 957 τόδε.

208 997 304 1045 Φα.
325 990 364 1045 ὦ
395 993 533 1046 δεινὰ
561 990 756 1057 λέξασ’,
789 990 903 1059 οὐχὶ
934 991 1241 1062 συγκλῄσεις
1273 989 1435 1055 στόμα

333 1077 414 1130 καὶ
442 1076 510 1142 μὴ
539 1074 777 1142 μεθήσεις
808 1075 946 1129 αὖθις
975 1074 1272 1142 αἰσχίστους
1300 1073 1509 1140 λόγους,·

206 1164 298 1229 Τρ.
330 1159 518 1230 αἴσχρ’,
553 1159 668 1212 ἀλλ’
701 1160 885 1225 ἀμείνω
915 1163 1013 1211 τῶν
1046 1162 1210 1210 καλῶν
1241 1156 1344 1209 τάδ’
1377 1158 1491 1209 ἐστί
1517 1177 1617 1208 σοι.
1794 1171 1876 1212 500

335 1249 573 1313 κρεῖσσον
603 1247 656 1297 δὲ
685 1244 911 1311 τοῦργον,
946 1244 1082 1310 εἴπερ
1111 1242 1329 1294 ἔκσώσει
1357 1240 1418 1309 γέ
1448 1262 1523 1301 σε,

333 1324 364 1394 ἢ
394 1327 616 1394 τοῦνομ’,
650 1326 686 1398 ᾧ
726 1327 789 1380 σὺ
821 1331 1039 1400 κατθανῇ
1068 1324 1391 1394 γαυρουμένη.

210 1416 308 1466 Φα.
332 1413 411 1465 καὶ
440 1411 507 1479 μή
540 1434 601 1466 σε
637 1411 759 1479 πρὸς
791 1411 1056 1464 θεῶν-εὖ
1084 1410 1251 1477 λέγεις
1281 1408 1392 1477 γάρ,
1426 1410 1614 1477 αἰσχρὰ
1646 1406 1773 1460 64—-

337 1496 464 1564 πέρα
491 1497 686 1568 προβῇς
716 1495 876 1547 τῶνδ’·
925 1496 990 1549 ὡς
1019 1495 1356 1562 ὑπείργασμαι
1385 1496 1475 1559 μὲν
1507 1493 1560 1545 εὖ

336 1580 510 1650 ψυχὴν
542 1579 702 1648 ἔρωτι,
735 1579 934 1650 τᾴσχρᾶ
964 1579 1006 1631 δ’
1037 1575 1100 1644 ἢν
1127 1577 1282 1650 λέγῃς
1316 1583 1493 1637 καλῶς,
1796 1591 1876 1631 505

339 1666 388 1719 ἐς
418 1664 551 1717 τοῦθ’
584 1663 610 1716 ὃ
642 1664 813 1732 φεύγω
845 1669 929 1716 νῦν
960 1661 1366 1728 ἀναλωθήσομαι.

211 1753 302 1818 Τρ.
337 1751 383 1801 εἴ
409 1771 486 1801 τοι
518 1753 655 1801 δοκεῖ
683 1770 781 1807 σοι,
816 1751 944 1815 χρῆν
972 1749 1064 1813 μὲν
1094 1747 1151 1799 οὔ
1183 1746 1231 1797 σ’
1262 1745 1577 1813 ἁμαρτάνειν·

340 1835 383 1886 εἰ
414 1832 455 1884 δ’
486 1833 587 1892 οὖν,
621 1836 767 1885 πιθοῦ
796 1854 895 1898 μοι·
941 1830 1143 1898 δευτέρα
1173 1832 1268 1898 γὰρ
1298 1830 1327 1895 ἡ
1360 1829 1519 1898 χάρις.

343 1918 483 1970 ἔστιν
516 1916 619 1968 κατ’
651 1918 813 1969 οἴκους
845 1917 1031 1982 φίλτρα
1060 1937 1144 1980 μοι
1175 1912 1440 1980 θελκτήρια

342 2001 537 2068 ἔρωτος,
572 2000 695 2066 ἦλθε
725 2000 768 2051 δ’
799 1999 909 2067 ἄρτι
938 2021 1021 2065 μοι
1050 1999 1249 2066 γνώμης
1281 1998 1402 2062 ἔσω,
1800 2012 1882 2051 510

342 2085 374 2137 ἄ
405 2085 455 2136 σ’
487 2084 588 2137 οὔτ’
620 2084 698 2137 ἐπ’
730 2086 959 2152 αἰσχροῖς
991 2083 1092 2135 οὔτ’
1124 2084 1205 2135 ἐπὶ
1235 2081 1416 2153 βλάβῃ
1449 2084 1646 2148 φρενῶν

341 2169 525 2222 παύσει
555 2170 706 2221 νόσου
736 2167 893 2232 τῆσδ’,
926 2163 988 2232 ἢν
1020 2166 1083 2219 σὺ
1106 2166 1170 2233 μὴ
1202 2165 1321 2238 γένῃ
1355 2164 1493 2229 κακή.

425 2257 503 2305 δεῖ
529 2252 571 2304 δ’
604 2251 663 2318 ἐξ
692 2253 879 2304 ἐκείνου
909 2251 968 2317 δή
999 2273 1046 2304 τι
1076 2255 1162 2303 τοῦ
1192 2249 1500 2315 ποθουμένου

344 2342 568 2402 σημεῖον,
600 2333 629 2401 ἢ
661 2337 818 2403 λόγον
847 2336 940 2388 τιν’
970 2332 1000 2400 ἢ
1031 2335 1238 2388 πέπλων
1268 2333 1366 2386 ἄπο

269 2463 346 2502 491
388 2450 589 2493 διοιστέον
619 2449 661 2489 Μ
679 2448 719 2489 Α
738 2450 771 2488 Ρ
789 2450 831 2489 Η
864 2453 906 2487 et
936 2448 1030 2487 sort.
1058 2453 1113 2491 Σι
1155 2444 1335 2489 διιστέον
1363 2445 1403 2485 V
1420 2446 1453 2485 L
1471 2444 1566 2496 ΒΣ,
1602 2456 1687 2495 quo
1717 2448 1891 2494 recepto

205 2510 416 2557 'punctum
431 2511 528 2556 post
542 2506 708 2559 τάνδρὸς
727 2517 807 2544 om.
823 2504 971 2543 Nauck
989 2508 1030 2541 et
1051 2503 1084 2541 L
1199 2514 1277 2552 493
1299 2499 1394 2553 μὲν]
1411 2501 1467 2551 μὴ
1486 2500 1519 2538 L
1631 2510 1711 2549 495
1733 2497 1844 2549 ἕνεχ’
1858 2497 1892 2536 Ρ

216 2562 299 2612 496
326 2563 508 2614 προῆγον
539 2559 733 2609 Scaliger
944 2560 1025 2608 498
1057 2558 1310 2610 συγκλήσεις
1343 2556 1465 2595 KA:
1500 2554 1762 2607 συγκλείσεις
1792 2552 1884 2592 rell.

218 2628 300 2666 500
329 2619 463 2657 κακῶν
481 2620 581 2654 ante
602 2626 711 2653 corr.
739 2613 780 2652 M
805 2618 846 2652 et
865 2612 906 2651 V
1077 2624 1153 2661 501
1188 2611 1383 2653 ἐκσώσειέ
1403 2625 1451 2651 σε
1474 2609 1508 2648 L
1524 2608 1557 2647 P
1723 2618 1804 2656 503
1831 2607 1886 2657 μή

220 2687 269 2712 σε
290 2670 480 2710 Person:
510 2668 565 2721 μή
584 2685 636 2721 γε
658 2669 780 2708 codd.
805 2673 847 2707 et
867 2672 898 2710 Σ
1060 2665 1158 2720 γάρ]
1182 2679 1261 2706 om.
1287 2665 1328 2704 M
1342 2666 1381 2704 V
1396 2664 1438 2703 H
1465 2663 1556 2717 (μέν
1575 2659 1652 2714 V²>
1820 2660 1885 2712 δέ]

218 2725 317 2767 τάδε
341 2724 382 2763 Μ
604 2735 684 2774 504
720 2722 764 2764 εὖ
785 2723 907 2762 codd.
932 2727 975 2760 et
995 2725 1051 2764 Σε
1084 2723 1129 2762 οὐ
1152 2720 1293 2759 Bothe
1517 2719 1598 2767 506
1628 2716 1887 2766 ἆλωθήσομαι

218 2780 311 2819 VN
533 2789 612 2828 507
644 2780 685 2819 εἴ
708 2794 749 2819 τι
778 2776 872 2816 MV
1091 2776 1173 2824 508
1202 2776 1339 2815 πειθοῦ
1361 2772 1403 2811 Μ
1626 2782 1707 2821 510
1736 2771 1825 2823 ἄρτι
1854 2770 1888 2810 δ’

220 2833 321 2883 ἦλθε
345 2833 385 2872 Κ
606 2843 681 2882 511
715 2831 740 2873 ἅ
760 2830 793 2872 θ’
817 2830 876 2869 Μ2
1095 2841 1175 2878 514
1206 2828 1336 2880 λόγον
1357 2825 1452 2865 MA
1468 2826 1502 2866 Β
1521 2825 1630 2866 LP:
1668 2823 1806 2877 λόγων
1823 2823 1887 2863 V:

222 2894 293 2929 aut
323 2887 453 2941 λόγον
483 2892 556 2926 aut
589 2886 767 2926 fortasse
799 2885 938 2939 λόγων
969 2889 1028 2929 Σε
1065 2883 1223 2925 πλόκον
1259 2879 1422 2922 Reiske
1635 2878 1731 2933 ἄπο]
1765 2877 1888 2921 acinos

225 2943 386 2985 Reiske
406 2957 415 2982 x
446 2941 518 2985 ὅαν
535 2941 807 2982 Valckenaer
