2118 3366
858 115 1327 167 ῙΠΠΟΛΤΤΟΣ

252 248 345 298 Χο.
376 245 618 313 πρόδοτος
648 248 702 298 ἐκ
733 246 915 313 φίλων.
1838 265 1920 310 595

251 333 348 382 Φα.
374 329 640 383 ἀπώλεσέν
667 329 718 395 μ’
749 331 960 382 εἰποῦσα
990 331 1254 397 συμφορὰς
1284 329 1421 395 ἐμάς,

375 414 555 481 φίλως,
591 418 751 466 καλῶς
782 413 824 464 δ’
856 413 912 465 οὗ
942 411 1078 477 τήνδ’
1109 413 1290 478 ἰωμένη
1322 415 1489 466 νόσον.

247 499 340 548 Χο.
373 502 477 551 πῶς
506 497 616 558 οὖν,·
662 498 715 550 τί
741 496 956 563 δράσεις,
990 495 1028 549 ὦ
1059 497 1274 549 παθοῦσ’
1304 496 1560 565 ἆμήχανα,·

247 584 344 632 Φα.
369 580 454 632 οὐκ
486 580 597 633 οἶδα
623 581 757 646 πλὴν
789 581 859 633 ἔν·
906 584 1166 633 κατθανεῖν
1195 582 1318 632 ὅσον
1348 580 1517 648 τάχος,

369 669 469 717 τῶν
497 669 586 718 νῦν
615 665 876 732 παρόντων
906 664 1145 731 πημάτων
1177 664 1293 719 ἄκος
1322 666 1493 731 μόνον.
1829 670 1916 712 600

246 804 323 853 Ιπ.
368 796 407 851 ὦ
437 805 557 868 γαῖα
584 803 738 868 μῆτερ
768 800 914 866 ἡλίου
941 799 983 853 τ’
1014 801 1313 870 ἀναπτυχαί,

369 885 487 937 οἵων
516 885 685 952 λόγων
714 884 926 953 ἄρρητον
958 883 1212 950 εἶσήκουσ’
1244 887 1357 938 ὅπα.

241 971 331 1036 Τρ.
365 969 600 1036 σίγησον,
634 967 672 1021 ὦ
703 973 808 1028 παῖ,
842 960 956 1036 πρίν
987 969 1078 1021 τιν’
1110 968 1379 1021 αἰσθέσθαι
1409 971 1553 1035 βοῆς.

243 1056 320 1105 Ιπ.
365 1052 453 1104 οὐκ
482 1051 588 1105 ἔστ’
619 1040 836 1124 ἀκούσας
867 1052 984 1106 δείν’
1017 1054 1151 1107 ὅπως
1180 1052 1471 1120 σιγήσομαι.

239 1139 330 1204 Τρ.
361 1138 442 1189 ναὶ
473 1138 596 1205 πρός
626 1125 686 1189 σε
716 1140 803 1202 τῆς
835 1140 929 1202 σῆς
959 1136 1123 1202 δεξιᾶς
1154 1136 1414 1190 εὐωλένου.
1825 1142 1908 1195 605

241 1223 320 1273 Ιπ.
365 1220 422 1272 οὐ
451 1221 518 1287 μὴ
550 1222 844 1289 προσοίσεις
875 1226 1020 1290 χεῖρα
1047 1221 1159 1287 μηδ’
1190 1220 1300 1293 ἅψῃ
1331 1220 1557 1274 πέπλων.

237 1307 329 1378 Τρ.
360 1302 398 1356 ὦ
429 1305 552 1372 πρός
584 1327 646 1357 σε
676 1304 916 1374 γονάτων,
948 1309 1183 1371 μηδαμῶς
1212 1305 1262 1371 μ’
1294 1305 1557 1377 ἐξεργάσῃ.

239 1392 317 1441 Ιπ.
362 1390 415 1441 τί
440 1388 499 1447 δ’,
532 1390 686 1456 εἴπερ,
720 1389 785 1443 ὡς
816 1391 931 1462 φῄς,
963 1392 1118 1455 μηδὲν
1149 1391 1344 1456 εἴρηκας
1376 1391 1550 1450 κακόν,·

236 1476 327 1540 Τρ.
360 1474 386 1524 ὁ
415 1475 582 1539 μῦθος,
618 1471 656 1525 ὦ
685 1477 790 1532 παῖ,
827 1472 988 1527 κοινὸς
1019 1473 1242 1539 οὐδαμῶς
1272 1475 1369 1526 ὅδε.

239 1561 315 1610 Ιπ.
361 1556 422 1610 τά
452 1578 530 1609 τοι
562 1557 672 1610 κάλ’
705 1560 757 1609 ἐν
788 1563 1030 1610 πολλοῖσι
1062 1557 1271 1610 κάλλιον
1302 1557 1488 1626 λέγειν.
1818 1564 1904 1609 610

234 1638 388 1708 Τρ.
356 1646 395 1692 ὠ
425 1640 613 1701 τέκνον,
645 1643 820 1709 ὅρκους
847 1646 1083 1708 μηδαμῶς
1113 1640 1376 1714 ἀτιμάσῃς.

237 1729 313 1782 In„
357 1726 388 1791 ἡ
419 1726 618 1793 γλῶσσ’
651 1726 890 1794 ὀμωμοχζ
924 1727 953 1791 ἡ
986 1730 1039 1779 δε
1070 1726 1202 1794 φρὴν
1234 1727 1500 1792 ἀνώμοτος.

233 1808 387 1876 Τρ.
357 1815 395 1861 ὼ
425 1815 530 1869 παῖ,
564 1810 615 1862 τί
642 1809 866 1878 δράσεις,·
914 1810 1034 1864 σοὺς
1066 1812 1247 1877 φίλους
1278 1810 1543 1883 διεργάσῃ;

235 1897 313 1945 Ιπ.
358 1893 620 1946 ἀπέπτυσ’·
666 1894 825 1948 οὐδεὶς
856 1894 1023 1948 ἄδικός
1055 1896 1172 1946 ἐστί
1197 1916 1281 1959 μοι
1313 1896 1480 1961 φίλος.

231 1980 322 2044 Τρ.
355 1977 624 2045 σύγγνωθ’·
670 1980 907 2045 ἁμαρτεῖν
940 1977 1067 2031 εἰκὸς
1099 1979 1400 2045 ἀνθρώπους,
1433 1977 1623 2033 τέκνον.
1822 1984 1898 2046 615

234 2065 311 2114 Ιπ.
358 2058 396 2113 ὦ
429 2066 540 2121 Ζεῦ,
573 2063 626 2114 τί
652 2061 711 2127 δὴ
746 2063 990 2128 κίβδηλον
1021 2062 1297 2129 ἀνθρώποις
1329 2062 1478 2116 κακὸν

355 2151 591 2213 γυναῖκας
623 2148 673 2200 ἐς
705 2151 812 2214 φῶς
841 2147 986 2211 ἡλίου
1017 2143 1314 2216 κατῴκισας;

356 2231 399 2282 εἶ
429 2232 525 2298 γὰρ
556 2231 789 2297 βρότειον
818 2229 996 2295 ἤθελες
1027 2235 1230 2296 σπεῖραι
1258 2229 1418 2297 γένος,

354 2314 441 2366 οὐκ
472 2316 525 2366 ἐκ
554 2319 800 2381 γυναικῶν
830 2317 958 2382 χρῆν
987 2313 1344 2381 παρασχέσθαι
1373 2315 1499 2373 τόδε,

355 2398 471 2450 ἀλλ’
502 2398 791 2451 ἀντιθέντας
823 2402 994 2450 σοῖσιν
1024 2400 1077 2450 ἐν
1109 2403 1245 2452 ναοῖς
1276 2398 1490 2465 βροτοὺς
1813 2405 1896 2448 620

352 2478 383 2547 ἢ
412 2481 606 2550 χρυσὸν
635 2478 666 2547 ἢ
698 2483 903 2549 σίδηρον
932 2478 963 2546 ἢ
994 2486 1188 2550 χαλκοῦ
1216 2482 1376 2549 βάρος
1796 2473 1801 2475 ’

280 2609 359 2650 597
382 2598 511 2652 φίλως
525 2598 564 2639 Α
579 2599 615 2638 Β
631 2599 688 2639 Ρ·
708 2600 881 2652 φίλωςμ
884 2598 928 2640 ὲν
945 2598 986 2637 Μ
999 2599 1057 2639 V:
1083 2598 1210 2651 φίλως
1222 2597 1299 2649 μὲν
1313 2601 1357 2639 οὗ
1373 2602 1507 2640 καλῶς
1520 2596 1555 2639 δ’
1570 2597 1718 2649 ἴωμένη
1737 2599 1802 2651 [9,
1817 2600 1893 2652 μὲν

225 2655 271 2694 οὐ
283 2657 418 2695 καλως
429 2667 472 2692 m
486 2666 566 2694 ras.
703 2656 784 2705 598
804 2654 847 2695 τί
857 2656 978 2706 γοῦν,·
1000 2653 1097 2693 Chr.
1117 2653 1207 2693 Pat.
1224 2654 1307 2693 610
1319 2658 1364 2692 et
1381 2655 1504 2703 1830:
1526 2653 1569 2694 τί
1581 2652 1651 2694 οὖν
1665 2653 1896 2695 Kirchhofs

224 2708 390 2749 ποθοῦσ’
415 2704 522 2747 LP:
553 2721 658 2750 corr.
685 2709 735 2748 L²
900 2709 979 2746 602
1009 2706 1094 2748 οἱον
1112 2706 1241 2760 λόγον
1263 2707 1312 2747 L²¹
1331 2707 1400 2747 vel
1420 2708 1437 2745 l
1590 2709 1671 2756 605
1701 2712 1774 2758 τῆς
1794 2711 1889 2762 σῆς]

223 2765 353 2811 τῆσδε
372 2762 412 2802 V
575 2767 706 2816 δεξιᾶς
725 2764 765 2804 τ’
787 2762 854 2801 Bl
1066 2762 1149 2801 606
1176 2763 1406 2815 προσοίσεις
1425 2762 1463 2801 V
1477 2762 1510 2801 P
1532 2766 1574 2800 et
1594 2762 1687 2801 sine
1707 2764 1804 2804 dub.
1829 2764 1887 2806 L:

222 2815 514 2923 zffggnggl
527 2817 568 2856 A
590 2819 689 2922 L61²4
700 2817 898 2944 ’.ἔσῒῖἒιίσὲ
909 2816 965 2911 ΡΒ
1054 2872 1134 2920 615
1164 2780 1265 2912 &632
1296 2817 1359 2913 Ξῖ
1376 2816 1652 2925 δᾼῙε-ῖκξςᾶἷνθρ
1646 2829 1884 2914 &5⁰:313ss-

224 2926 318 2968 Pat.
339 2927 421 2965 818
549 2928 627 2978 617
658 2926 880 2979 κατῴκισαι
902 2926 936 2965 Ρ
1065 2926 1148 2975 619
1176 2888 1294 2978 7262}
1314 2924 1439 2983 Te'xva
1457 2931 1568 2965 testa
1591 2926 1888 2967 Berolinensis

222 2982 302 3020 621
333 2982 359 3030 ἣ
379 2982 541 3033 χαλκὸν
558 2982 584 3030 ἢ
607 2996 646 3022 σ.
667 2982 693 3031 ἢ
713 2984 867 3035 χρυσοῦ
889 2980 922 3019 L
937 2980 971 3019 P
985 2980 1019 3018 B
1043 2979 1162 3019 Stob.
1189 2992 1252 3030 73.
1273 2978 1327 3030 36
1437 2983 1622 3032 χαλκοῦν
1641 2980 1698 3020 A²

330 3061 486 3090 tuna.
1664 3057 1713 3095 14
