2118 3366
826 105 1226 157 ΑΛ-ΚΗΣΤΙΣ

322 236 409 285 νῦν
438 231 481 284 δ’
512 229 868 299 ε’στὶ,μάκαιρα
897 233 1101 301 δαίμων·
1147 299 1149 302 γ
1256 291 1259 293 ,

320 310 470 384 χαῖρ’,
516 313 554 366 ὦ
601 309 775 376 πότνι’,
798 342 802 346 ’
823 317 876 370 εὖ
910 318 975 369 δὲ
1020 318 1174 383 δοίης.
1262 320 1399 371 τοῖαί
1420 310 1512 372 νιν
1554 310 1858 390 προσεροῧσι

527 402 726 467 φῆμαι..
760 440 785 449 -.
872 424 878 431 ·
1000 424 1003 425 ⁷
1750 423 1855 464 1005

218 558 292 566 —
321 524 400 577 καὶ
428 524 527 591 μὴν
532 520 642 584 ὅδ’,
679 523 743 578 ὡς
774 524 949 585 ἔοικεν,
985 524 1270 592 Ἀλκμήνης
1300 510 1463 620 γόνος,
1533 523 1536 527 ’
1587 555 1592 563 ’

189 599 191 601 ,
306 606 541 674 Ἀδμητε,
573 607 694 675 πρὸς
725 608 822 673 σὴν
854 611 1030 662 ἑστίαν
1060 611 1335 677 πορεύεται.

190 694 285 759 Hp.
308 692 461 758 φίλον
490 692 612 759 πρὸς
642 692 795 759 ἄνδρα
824 692 921 760 χρὴ
953 693 1122 760 λέγειν
1154 693 1439 762 ἐλευθέρως,

303 773 539 841 ”Αδμητε,
570 779 775 843 μομφὰς
805 776 847 828 δ’
879 777 973 845 οὐχ
1002 777 1109 830 ὑπὸ
1129 777 1448 848 σπλάγχνοις
1475 800 1613 848 εχειν

311 859 531 926 σιγῶντ’.
621 860 720 927 ἐγὼ
750 863 804 912 δὲ
836 866 947 915 σοῖς
978 866 1201 918 κακοῖσιν
1231 859 1400 925 ἠξίουν
1699 855 1703 879 ³
1740 882 1847 912 1010

310 943 458 1010 ε’γγὺς
487 942 746 1010 παρεστὼς
777 943 1095 1009 ἐξετάζεσθαι
1126 946 1292 1012 φίλος·

226 1021 230 1024 ’
266 1017 270 1020 ’
309 1027 374 1079 σὺ
404 1027 447 1079 δ’
479 1027 565 1079 οὐκ
596 1027 807 1096 ἔφραζες
840 1031 934 1093 σῆς
964 1030 1287 1095 προκείμενον
1317 1028 1461 1082 νέκυν

308 1112 552 1178 γυναικός,
586 1111 720 1163 ἄλλά
748 1111 799 1177 μ’
831 1111 1041 1177 ἐξένιζες
1073 1115 1125 1165 ἐν
1156 1114 1339 1178 δόμοις.

306 1194 372 1249 ὦς
402 1194 458 1259 δὴ
492 1196 690 1262 θυραίου
719 1194 942 1262 πήματος
974 1196 1196 1261 σπουδὴν
1228 1187 1374 1265 ἔχων.

306 1278 540 1346 κᾶστεψα
571 1283 723 1346 κρᾶτα
756 1280 834 1331 καὶ
865 1283 995 1334 θεοῖς
1026 1280 1307 1348 ε’λειψάμην
1546 1293 1549 1295 ’
1740 1299 1841 1339 1015

162 1431 177 1438 Ἰ
305 1365 527 1417 σπονδᾶς
556 1365 610 1415 ἐν
641 1365 794 1417 οἴκοις
825 1368 1127 1432 δυστυχοῦσι
1157 1370 1290 1416 τοῖσι
1322 1371 1447 1419 σοῖς.
1602 1353 1605 1357 ”

162 1437 225 1509 ‘3³⁴
255 1434 261 1445 ,
303 1441 383 1499 καὶ
412 1446 672 1515 μέμφομαι
700 1447 807 1513 μέν,
839 1448 1113 1516 μέμφομαι,
1147 1450 1317 1501 παθὼν
1347 1448 1480 1509 τάδε,

301 1530 358 1582 οὐ
385 1530 483 1597 μήν
515 1554 578 1584 σε
606 1537 783 1584 λυπεῖν
815 1534 868 1584 ἐν
901 1538 1095 1584 κακοῖσι
1125 1533 1392 1598 βούλομαι.

299 1616 368 1676 ὦν
400 1615 442 1667 δ’
474 1616 639 1684 οὕνεχ’
670 1616 771 1680 ἥκω
803 1616 930 1683 δεῦρ’
960 1616 1283 1684 ὑποστρέψας
1314 1615 1467 1668 πάλιν

299 1698 446 1765 λέξω.
533 1705 741 1767 γυναῖκα
770 1699 917 1765 τήνδε
945 1723 1028 1766 μοι
1060 1707 1233 1771 σῷσον
1263 1701 1465 1767 λαβών,
1730 1717 1837 1746 1020

243 1851 247 1856 Ι
299 1784 391 1838 ἕως
420 1783 481 1837 ἂν
511 1785 690 1838 ἵππους
721 1788 861 1851 δεῦρο
894 1787 1117 1857 Θρῃκίας
1147 1784 1282 1852 ἄγων
1654 1804 1656 1806 ’

229 1857 249 1873 ’ἦ
297 1867 444 1928 ἔλθω,
475 1869 715 1936 τύραννον
748 1870 1004 1922 Βιστόνων
1035 1869 1367 1921 κατακτανών.

296 1945 491 2019 πράξας
514 1952 556 2005 δ’
587 1952 613 2004 ὃ
643 1952 708 2019 μὴ
741 1952 1319 2021 τύχοιμι-νοστήσαιμι
1348 1951 1516 2020 γάρ-

295 2038 468 2102 δίδωμι
497 2035 644 2102 τήνδε
674 2042 815 2105 σοῖσι
846 2042 1153 2103 προσπολεῖν
1184 2038 1365 2102 δόμοις.
1434 2107 1436 2109 v

292 2126 465 2191 πολλῷ
497 2124 552 2174 δὲ
579 2123 752 2190 μόχθῳ
782 2127 953 2189 χεῖρας
983 2120 1135 2185 ἦλθεν
1166 2123 1234 2174 εἷς
1266 2119 1403 2186 ε’μάς·
1721 2135 1828 2176 1025

291 2205 461 2272 ἇγῶνα
489 2207 584 2273 γὰρ
614 2205 870 2270 πάνδημον
902 2206 1111 2272 εὑρίσκω
1142 2207 1279 2259 τινὰς

289 2280 529 2348 τιθέντας,
563 2291 861 2354 ἀθληταῖσιν
891 2288 1031 2354 ἄξιον
1061 2290 1232 2349 πόνον,

289 2373 403 2425 ὅθεν
435 2374 613 2439 κομίζω
645 2373 792 2438 τήνδε
820 2372 1077 2440 νικητήρια

286 2457 481 2523 λαβών·
527 2460 588 2509 τὰ
617 2460 709 2524 μὲν
739 2460 834 2525 γὰρ
866 2462 1028 2524 κοῦφα
1056 2462 1158 2511 τοῖς
1188 2461 1392 2509 νικῶσιν
1423 2454 1508 2520 ἦν’
1547 2520 1551 2523 .
1607 2462 1625 2489 Ὺ

287 2542 467 2597 ἵππους
494 2541 723 2609 ἄγεσθαι,
757 2546 891 2593 τοῖσι
920 2541 960 2593 δ’
993 2542 1052 2592 αὖ
1081 2543 1141 2592 τὰ
1169 2542 1370 2612 μείζονα
1432 2570 1434 2572 v
1570 2556 1576 2564 ’
1649 2559 1658 2580 ³
1690 2554 1823 2629 1030

219 2666 327 2709 1005
344 2661 470 2712 φῆμαι
488 2672 638 2699 omnes
744 2660 849 2698 1006
869 2666 939 2699 Χο.
963 2657 1095 2708 praef.
1112 2658 1146 2696 L
1161 2658 1194 2696 P
1210 2658 1268 2696 B:
1293 2669 1375 2696 om.
1384 2655 1424 2694 V
1535 2667 1651 2704 1009.
1661 2644 1823 2711 μομφὰς

140 2711 195 2752 ¹‘L
210 2713 314 2758 ΒΣ;
344 2716 498 2768 μορφὰς
517 2715 556 2753 V
571 2715 604 2753 P
757 2726 859 2762 1017
890 2713 965 2763 μέν
983 2712 1094 2753 VB.
1126 2712 1174 2761 δή
1195 2712 1256 2750 L:
1288 2710 1334 2752 δέ
1353 2711 1386 2748 Ρ
1529 2722 1653 2748 1021
1662 2704 1822 2762 θρήϊκας

161 2767 242 2807 LP
281 2768 397 2820 (αίους
443 2781 654 2820 suprascr.
696 2767 727 2820 l)
898 2780 1001 2816 1024
1031 2770 1295 2828 προσπολεῖν
1307 2765 1425 2805 VB.
1463 2781 1514 2817 πρ
1518 2753 1697 2804 όσπολον,
1726 2762 1818 2802 LP.

161 2822 224 2862 De
240 2828 276 2866 Σ
295 2833 382 2862 non
403 2823 535 2874 liquet
704 2834 808 2872 1025
836 2825 1004 2862 πολλῶν
1022 2821 1067 2862 δὲ
1086 2821 1252 2873 μόχθων
1270 2819 1369 2868 ’ἦλθε
1389 2821 1528 2871 χεῖρας
1549 2835 1605 2859 εις
1626 2814 1721 2868 ἐμάς
1738 2818 1771 2860 L
1785 2816 1820 2855 Ρ

144 2878 264 2927 11027
282 2877 429 2919 πόνον
454 2878 528 2918 ‘zV
565 2877 699 2920 πόνων
733 2877 821 2917 ΒΟ
839 2877 909 2916 D:
947 2875 1069 2917 πόνου
1105 2875 1187 2914 LP
1348 2888 1350 2891 ·
1402 2886 1507 2923 1030
1546 2871 1613 2916 αὖ
1626 2872 1679 2914 τὰ
1712 2871 1746 2911 L
1757 2867 1817 2950 P:

156 2933 258 2974 αὐτὰ
284 2932 324 2972 V
337 2932 372 2972 B
