2118 3366
770 118 1263 168 ΗΡΑΚΛΕΙΔΑΙ

272 236 555 292 Fragmenta
579 236 936 282 Heraclidarum
960 239 1182 284 Fabulae.

273 336 355 394 (N.
377 335 482 393 852)
518 336 647 382 Stob.
672 348 742 393 79.
768 350 793 381 2
819 338 1000 395 (Orion.
1025 341 1137 384 Eur.
1161 339 1206 395 7)
1232 341 1462 399 Εὐριπίδης
1483 340 1800 402 Ἡρακλείδαις.

263 418 406 472 ὅστις
436 421 490 470 δὲ
518 418 633 472 τοὺς
663 419 896 474 τεκόντας
927 422 980 471 ἐν
1010 422 1109 490 βίῳ
1144 421 1292 487 σέβει

264 501 336 552 ὅδ’
365 502 477 553 ἐστὶ
509 502 590 554 καὶ
623 502 715 565 ζῶν
748 504 828 555 καὶ
860 503 1022 555 θανὼν
1055 508 1185 558 θεοῖς
1218 506 1385 572 φίλος·

264 585 403 638 ὅστις
433 588 488 638 δὲ
519 584 605 638 τὸν
637 587 871 654 φύσαντα
901 586 967 652 μὴ
1000 591 1147 653 τιμᾶν
1179 589 1318 661 θέλῃ,

261 666 330 733 μή
358 689 444 734 μοι
474 668 669 736 γένοιτο
699 669 824 735 μήτε
854 672 1099 737 συνθύτης
1131 676 1277 732 θεοῖς,

263 749 376 817 μήτ’
411 754 466 805 ἐν
497 753 735 826 θαλάσσῃ
768 755 1065 808 κοινόπλουν
1098 755 1307 809 στέλλοι
1339 757 1552 824 σκάφος.
1826 777 1847 815 5

270 867 351 925 (Ν.
341 868 479 972 .Ἰὸ“53)
515 871 646 985 )St0b.
674 883 710 916 1.
735 872 761 916 8
785 872 1014 930 Εὐριπίδης
1042 869 1343 930 ’Ἡρακλείδαις
1376 872 1463 931 (Sic
1498 875 1625 932 MA,
1647 873 1848 932 Ἀντιόπη

399 942 512 974 flnc-

261 1015 405 1076 τρεῖς
424 1012 553 1063 εἰσὶν
586 1012 755 1079 ἀρεταὶ
786 1016 873 1068 τὰς
903 1014 1066 1082 χρεών
1098 1015 1147 1065 σ’
1181 1016 1372 1075 ἀσκεῖν,
1406 1015 1595 1077 τέκνον,

261 1093 403 1148 θεούς
434 1115 488 1147 τε
518 1100 682 1162 τιμᾶν,
716 1097 830 1151 τούς
861 1119 915 1151 τε
947 1099 1208 1165 φύσαντας
1236 1105 1415 1167 γονεῖς,

261 1177 441 1243 νόμους
470 1200 526 1232 τε
558 1181 748 1236 κοινοὺς
777 1181 1043 1237 Ἑλλάδος·
1091 1184 1170 1235 καὶ
1199 1189 1355 1236 ταῦτα
1386 1187 1513 1250 δρῶν

262 1261 538 1316 κάλλιστον
572 1263 698 1330 ἔξεις
729 1265 987 1334 στέφανον
1018 1266 1241 1321 εὐκλείας
1273 1269 1365 1321 ἀεί.

267 1379 329 1423 Et
350 1379 543 1426 fortasse

268 1450 330 1509 (Ν
339 1483 348 1492 .
373 1453 477 1510 854)
513 1456 642 1501 Stob.
667 1466 705 1511 7.
729 1469 757 1514 9
779 1457 1007 1515 Εὐριπίδης
1030 1452 1400 1519 Ἠρακλεί<δαις>.

259 1533 316 1586 τὸ
346 1538 438 1601 μὲν
469 1543 731 1605 σφαγῆναι
761 1540 938 1600 δεινόν,
974 1541 1201 1593 εὔκλειαν
1231 1541 1273 1592 δ’
1305 1541 1427 1610 ἔχει·

259 1617 315 1670 τὸ
343 1619 410 1685 μὴ
445 1625 611 1674 θανεῖν
642 1626 695 1676 δὲ
724 1625 907 1684 δειλόν,
941 1624 1090 1690 ἡδονὴ
1123 1625 1165 1676 δ’
1196 1626 1284 1678 ἔνι.

266 1735 348 1792 (Ν.
372 1737 476 1795 851)
512 1739 592 1783 Ar.
617 1741 706 1798 Eq.
733 1753 817 1796 214

259 1817 468 1886 τάραττε
500 1822 580 1873 καὶ
609 1823 803 1891 χόρδευ’
837 1825 957 1889 ὁμοῦ
987 1826 1048 1875 τὰ
1078 1823 1358 1891 πράγματα,
1407 1829 1486 1874 ubi
1513 1831 1772 1877 Scholiasta

261 1906 489 1969 παρῴδησε
511 1911 595 1969 γὰρ
617 1912 692 1956 τὸν
712 1909 868 1970 ἴαμβον
890 1913 939 1968 ἐξ
960 1910 1258 1971 Ἡρακλειδῶν
1280 1914 1528 1971 Εὐριπίδου.

265 2010 339 2081 Cf:
359 2009 440 2068 (N.
457 2011 562 2069 949)
588 2014 717 2058 Stob.
742 2024 811 2070 79.
836 2027 861 2071 3
886 2013 961 2072 qui
986 2030 1056 2059 vv.
1077 2025 1178 2073 297,
1199 2017 1284 2072 298
1309 2014 1460 2060 citatis
1485 2015 1720 2074 subiungit
1740 2025 1844 2075 post

172 2071 408 2127 πεφυκεναι

302 2160 382 2213 καὶ
412 2165 516 2215 τοῖς
544 2166 775 2214 τεκοῦσιν
805 2159 949 2226 ἀξίαν
979 2162 1125 2228 τιμὴν
1155 2161 1337 2229 νέμειν.

229 2280 320 2318 852
350 2277 504 2317 Totum
525 2278 654 2318 habet
672 2279 822 2328 Orion,
839 2280 892 2319 ad
915 2280 1035 2332 φίλος
1053 2280 1172 2320 Stob.
1289 2294 1315 2331 3
1344 2281 1438 2322 τοὺς
1459 2280 1668 2332 φύσαντας
1689 2282 1842 2322 codd.:

175 2344 281 2372 corr.
300 2332 500 2373 Meineke
520 2335 596 2386 (τὼ
617 2333 801 2387 φύσαντε
819 2335 1149 2380 Schneidewin)
1263 2349 1288 2384 4
1318 2339 1403 2377 τοῖς
1425 2339 1528 2377 θεοῖς
1549 2337 1699 2376 εοάὀ..
1731 2350 1840 2377 corr.

177 2387 482 2428 Schneidewin
645 2392 736 2428 853
772 2401 790 2427 1
824 2388 960 2442 χρέων
980 2389 1019 2430 σ’
1042 2389 1246 2430 Dindorf:
1276 2391 1359 2443 χρή
1382 2391 1420 2431 α’
1441 2391 1509 2428 vel
1530 2391 1699 2453 χρήσεις
1720 2393 1842 2432 codd.

175 2454 200 2480 2
255 2445 383 2495 ’γονῆς
431 2442 592 2482 Nauck.
680 2443 1098 2492 Cs.Wi1amowitz‚
1151 2444 1338 2484 Hermes
1386 2445 1468 2484 vol.
1517 2445 1617 2485 xvii.
1670 2459 1711 2496 p.
1761 2457 1842 2495 345

173 2500 265 2536 854
295 2498 491 2550 Ἡρακλεῖ
507 2498 662 2537 codd.:
692 2499 971 2550 ’Ἡρακλείδαις
988 2475 1153 2538 Nauck.
1205 2500 1400 2539 Eundem
1417 2500 1556 2538 locum
1575 2500 1667 2539 sine
1688 2507 1842 2550 poetae

148 2573 151 2575 -
173 2551 344 2590 nomine
365 2552 466 2592 citat
487 2551 599 2592 Plut.
624 2565 664 2603 p.
689 2565 768 2603 447
785 2552 820 2592 E
988 2565 1013 2591 2
1045 2551 1089 2594 δὲ
1109 2553 1247 2596 δειλόν
1268 2554 1411 2593 Plut.·
1402 2582 1411 2592 .
1442 2553 1478 2595 δ’
1500 2557 1544 2595 οὔ
1566 2554 1696 2596 δεινόν
1718 2555 1835 2595 Stob.
