2118 3366
868 149 1309 199 ΕΥΡΙΠΙΔΟΥ

381 275 516 347 κάγὼ
547 277 643 347 γᾶρ
673 274 705 343 ἤ
734 276 864 337 ποτ’,
899 279 1035 330 ἀλλὰ
1066 283 1153 330 νῦν
1183 279 1271 331 οὐκ
1301 277 1395 345 εἴμ’
1427 276 1517 338 ἔτι,

377 364 464 415 τὸν
496 361 660 415 πάντα
691 361 734 413 δ’
767 363 932 427 ὄλβον
963 360 1093 429 ἦμαρ
1124 362 1178 414 ἔν
1208 362 1259 428 μ’
1290 364 1546 430 ἀφείλετο.
1607 405 1610 407 .
1721 384 1723 386 ·
1848 371 1928 420 285

378 446 512 504 ἀλλ’,
550 443 587 497 ὦ
622 447 778 513 φίλον
808 444 1021 513 γένειον,
1057 445 1322 511 αἰδέσθητί
1345 467 1424 511 με,
1672 443 1679 452 “
1794 447 1797 449 ’

379 533 608 596 οἴκτιρον*
660 530 824 580 ἐλθὼν
855 529 897 580 δ’
931 531 1001 582 εἰς
1031 529 1288 598 Ἀχαιικὸν
1319 529 1535 596 στρατὸν

378 615 752 681 παρηγόρησον,
790 614 855 667 ὡς
887 614 1197 665 ἀποκτείνειν
1227 614 1418 679 φθόνος

380 703 629 765 γυναῖκας,
663 698 720 749 ἃς
753 697 810 747 τὸ
837 700 1040 764 ’πρῶτον
1072 697 1158 749 οὐκ
1189 698 1436 749 ἐκτείνατε

381 786 568 847 βωμῶν
600 779 1016 840 ἀποσπάσαντες,
1052 781 1167 833 ἀλλ’
1199 781 1449 851 ᾠκτίρατε.
1851 799 1932 841 290

382 866 532 930 νόμος
565 864 606 915 δ’
642 866 695 916 ἐν
727 866 840 930 ὑμῖν
873 870 978 918 τοῖς
1007 865 1050 917 τ’
1081 864 1357 931 ἐλευθέροις
1387 868 1498 918 ἴσος

385 949 463 1000 καὶ
494 953 628 999 τοῖσι
659 949 859 1001 δούλοις
894 950 1103 1014 αἵματος
1135 954 1289 1000 κεῖται
1318 949 1446 1016 πέρι.

382 1032 440 1084 τὸ
471 1032 511 1083 δ’
543 1031 750 1097 ἀξίωμα,
788 1032 878 1084 κᾶν
914 1038 1072 1086 κακῶς
1102 1032 1245 1103 λέγῃ,
1278 1032 1335 1083 τὸ
1368 1033 1462 1085 σὸν

384 1119 566 1169 πείσει·
611 1117 766 1183 λόγος
797 1119 896 1183 γὰρ
929 1118 982 1168 ἔκ
1012 1117 1055 1168 τ’
1087 1115 1395 1181 ἀδοξούντων
1426 1118 1513 1169 ἰὼν

385 1202 476 1251 κάκ
506 1205 605 1252 τῶν
635 1200 916 1252 δοκούντων
948 1200 1093 1254 αὐτὸς
1123 1201 1179 1251 οὐ
1208 1200 1388 1253 ταύτὸν
1419 1199 1603 1253 σθένει.
1857 1216 1933 1258 295

258 1288 350 1335 Χο.
384 1284 468 1335 οὐκ
500 1284 639 1336 ἔστιν
671 1285 797 1335 οὕτω
835 1284 1043 1352 στερρὸς
1073 1285 1332 1351 ἀνθρώπου
1365 1286 1531 1351 φύσις,

386 1369 491 1432 ἥτις
523 1370 655 1435 γόων
689 1373 794 1419 σῶν
832 1369 911 1420 καὶ
942 1374 1142 1435 μακρῶν
1171 1368 1456 1435 ὀδυρμάτων
1502 1377 1504 1380 ’

388 1453 610 1503 κλύουσα
642 1451 855 1518 θρήνους
887 1453 973 1503 οὐκ
1002 1451 1063 1505 ἂν
1096 1453 1308 1518 ἐκβάλοι
1339 1452 1503 1520 δάκρυ.

257 1539 353 1588 Οδ.
385 1536 598 1602 Ἑκάβη,
634 1535 892 1595 διδάσκου,
924 1540 1049 1602 μηδὲ
1079 1543 1146 1607 τῷ
1179 1537 1464 1606 θυμουμένῳ

387 1621 473 1672 τὸν
507 1621 558 1671 εὖ
589 1620 809 1687 λέγοντα
844 1624 1060 1686 δυσμενῆ
1086 1625 1236 1673 ,ποιοῦ
1266 1622 1465 1688 φρενός.
1856 1636 1938 1678 300

388 1706 487 1771 ἐγὼ
517 1705 573 1756 τὸ
604 1708 693 1769 μὲν
728 1705 821 1756 σὸν
859 1705 984 1770 σῶμ’
1015 1705 1101 1772 ὑφ’
1132 1704 1282 1771 οὗπερ
1314 1705 1552 1773 εὐτύχουν

390 1787 567 1858 σῴζειν
600 1790 797 1854 ἕτοιμός
834 1791 932 1854 εἰμι
964 1789 1079 1840 κούκ
1109 1789 1277 1843 ἄλλως
1308 1788 1461 1855 λέγω·

389 1874 420 1924 ’ὰ
450 1873 492 1923 δ’
526 1873 665 1925 εἶπον
698 1875 766 1926 εἷς
805 1872 1026 1927 ἅπαντας
1057 1874 1143 1925 οὐκ
1174 1871 1470 1939 ἀρνήσομαι,

387 1959 569 2023 Τροίας
601 1957 829 2021 ἁλούσης
860 1958 998 2024 ἀνδρὶ
1028 1962 1095 2027 τῷ
1126 1957 1301 2027 πρώτῳ
1334 1962 1550 2025 στρατοῦ

391 2041 487 2104 σὴν
518 2044 669 2093 παῖδα
701 2044 871 2092 δοῦναι
906 2040 1127 2109 σφάγιον
1159 2040 1500 2111 ἐξαιτουμένῳ.
1861 2055 1936 2097 3οἔ

392 2128 445 2176 ἐν
475 2129 599 2194 τῷδε
630 2127 725 2192 γὰρ
764 2125 1034 2190 κάμνουσιν
1067 2128 1116 2177 αἱ
1147 2126 1336 2177 πολλαὶ
1367 2127 1556 2185 πόλεις,

390 2211 509 2260 ὅταν
540 2230 613 2262 τις
646 2209 830 2261 ἐσθλὸς
869 2211 948 2260 καὶ
978 2210 1227 2276 πρόθυμος
1257 2208 1325 2261 ὢν
1356 2209 1480 2276 ἀνὴρ

389 2296 543 2358 μηδὲν
575 2292 787 2359 φέρηται
819 2299 917 2345 τῶν
954 2295 1191 2345 κακιόνων
1223 2293 1396 2345 πλέον.

390 2378 507 2442 ἡμῖν
539 2377 580 2427 δ’
612 2377 884 2445 Ἀχιλλεὺς
917 2377 1054 2442 ἄξιος
1083 2381 1241 2443 τιμῆς,
1274 2378 1434 2445 γύναι,

393 2462 556 2513 θανὼν
586 2463 709 2527 ὑπὲρ
742 2464 833 2529 γῆς
867 2460 1117 2516 Ἑλλάδος
1149 2462 1381 2513 κάλλιστ’
1414 2462 1555 2530 ἀνήρ.
1864 2478 1941 2518 310

324 2579 403 2629 284
447 2578 497 2627 ἦν
530 2579 650 2618 codd.
852 2580 929 2627 287
974 2580 1144 2632 ἀχαϊκὸν
1176 2579 1296 2618 codd.
1366 2578 1430 2617 Cf.
1465 2590 1558 2627 510.
1635 2579 1735 2618 Non
1770 2583 1944 2618 notatur

269 2635 449 2684 amplius
632 2647 711 2683 292
743 2636 828 2676 τοῖς
851 2634 893 2672 Μ
915 2634 948 2672 L
966 2649 974 2674 ε
1005 2637 1090 2675 τοῖς
1109 2650 1160 2686 γε
1181 2634 1215 2672 Ρ
1394 2646 1476 2683 293
1504 2632 1610 2687 λέγῃ
1632 2634 1752 2672 codd.
1781 2632 1848 2682 (τὸ
1869 2635 1943 2674 σὺν

270 2688 375 2742 λέγῃ
405 2689 464 2738 A)
496 2694 539 2727 et
571 2694 626 2732 Στ
671 2689 797 2728 etiam
831 2689 948 2728 Stob.
986 2700 1050 2739 45.
1085 2690 1112 2726 6
1140 2695 1182 2728 et
1213 2688 1375 2727 Gellius
1403 2688 1458 2727 xi.
1497 2702 1546 2737 4:
1590 2687 1719 2742 λέγῃς
1751 2687 1942 2727 Muretus

271 2757 351 2793 294
380 2744 505 2783 πείθει
523 2742 613 2782 AV
628 2744 666 2783 O
693 2759 702 2783 ε
723 2748 814 2798 νικᾷ
833 2744 996 2783 Gellius
1015 2744 1164 2789 (πείσει
1180 2749 1210 2787 Σ
1227 2749 1270 2782 et
1293 2743 1409 2782 Stob.
1435 2748 1478 2781 et
1497 2759 1563 2795 γρ.
1584 2742 1657 2792 Vss)
1762 2741 1886 2794 λόγος
1906 2741 1942 2782 δ’

274 2801 319 2838 ἐκ
338 2802 420 2838 τῶν
442 2797 627 2848 Blaydes
775 2811 855 2848 295
886 2799 1011 2840 ὣύτὸς
1033 2798 1067 2836 Ρ
1087 2812 1096 2836 :
1127 2800 1246 2840 αὐτὸς
1268 2798 1359 2837 rell.
1501 2799 1582 2847 296
1612 2797 1700 2848 οὐκ]
1724 2797 1786 2838 τίς
1808 2796 1937 2845 Greg.

273 2853 370 2892 Cor.
393 2865 432 2902 p.
454 2855 507 2902 64
626 2854 839 2906 ἀνθρώπων
859 2852 899 2890 Α
1048 2865 1127 2902 297
1155 2852 1277 2905 γόους
1298 2853 1391 2893 σοὺς
1411 2852 1638 2891 Wecklein
1664 2851 1823 2901 (malim
1843 2849 1943 2904 γόον

275 2908 370 2957 σὸν)
539 2922 620 2958 300
651 2908 796 2960 φρενός
817 2913 846 2951 Σ
869 2913 913 2946 ut
934 2907 1017 2949 vid.
1045 2909 1121 2960 (τῷ
1143 2905 1371 2959 θυμουμένῳ
1391 2906 1503 2960 μέρει
1524 2907 1598 2955 τῆς
1618 2907 1770 2959 ψυχῆς)
1788 2919 1797 2946 :
1827 2905 1942 2959 φρενὶ

275 2962 396 3002 codd.
421 2968 462 3001 et
486 2968 516 3007 Σ
538 2974 690 3002 recens
1783 2962 1786 2965 “
