2118 3366
968 142 1230 201 EKABH

396 284 518 352 πρὸς
545 285 690 336 τόνδε
719 283 762 336 δ’
793 282 893 349 εἶμι
923 284 1002 335 καὶ
1031 283 1204 349 λόγοις
1234 282 1529 349 ἀμείψομαι·

396 367 451 421 ὃς
481 369 582 440 φῂς
611 368 836 436 Ἀχαιῶν
864 367 1021 419 πόνον
1052 364 1403 418 ἀπαλλάσσων
1433 369 1640 418 διπλοῦν

397 450 771 518 Ἀγαμέμνονός
802 449 846 500 θ’
878 450 1014 502 ἕκατι
1043 449 1178 501 παῖδ’
1209 448 1329 513 ἐμὸν
1358 453 1569 500 κτανεῖν.

396 534 527 593 ἀλλ’,
560 533 598 586 ὦ
630 533 849 592 κάκιστε,
881 538 1077 600 πρῶτον
1108 532 1276 585 οὔποτ’
1306 531 1366 583 ἂν
1398 533 1552 598 φίλον

396 617 454 669 τὸ
482 617 749 685 βάρβαρον
777 616 960 685 γένοιτ’
991 616 1052 669 ἂν
1075 615 1332 681 ’Ἐλλησιν
1361 615 1509 683 γένος
1830 634 1935 664 1200

396 701 497 753 οὐδ’
527 701 590 754 ἂν
619 702 831 754 δύναιτο.
904 703 1016 753 τίνα
1045 703 1100 752 δὲ
1131 701 1210 752 καὶ
1243 700 1471 752 σπεύδων
1501 698 1650 768 χάριν

396 786 645 852 πρόθυμος
674 785 830 851 ἥσθα;
877 785 1064 851 πότερα
1095 784 1347 850 κηδεύσων
1376 786 1488 835 τινὰ

394 864 425 933 ἢ
457 869 704 936 συγγενὴς
734 869 817 929 ὤν,
850 864 880 933 ἢ
910 868 1003 921 τίν’
1033 870 1196 920 αἰτίαν
1226 868 1382 937 ἔχων;

394 948 425 1016 ἢ
458 956 551 1018 σῆς
582 953 798 1019 ἔμελλον
828 955 920 1020 γῆς
950 957 1116 1018 τεμεῖν
1145 950 1482 1018 βλαστήματα

397 1037 706 1091 πλεύσαντες
736 1037 898 1096 avem
944 1037 1057 1088 τίνα
1086 1041 1245 1089 δοκεῖς
1274 1037 1470 1088 πείσειν
1500 1034 1641 1096 τάδε,·
1832 1051 1934 1090 1205

325 1162 327 1164 .
395 1121 423 1170 ὁ
450 1122 654 1188 χρυσός,
688 1123 731 1172 εἰ
760 1121 971 1187 βούλοιο
1000 1121 1192 1185 τάληθῆ
1222 1119 1408 1187 λέγειν,

397 1203 584 1256 ἔκτεινε
612 1203 699 1256 τὸν
730 1204 850 1269 ε’μὸν
880 1207 1047 1263 παῖδα,
1083 1205 1162 1255 καὶ
1196 1203 1336 1270 κε”ρδη
1369 1206 1430 1254 τὰ
1461 1201 1546 1254 σά.

479 1286 588 1337 ἐπεὶ
618 1283 817 1349 δίδαξον
849 1289 1008 1336 τοῦτο·
1055 1289 1175 1343 πῶς,
1208 1284 1281 1336 ὅτ’
1313 1285 1508 1354 εὐτύχει

395 1369 567 1436 Τροία,
601 1367 749 1435 πέριξ
772 1372 826 1421 δὲ
856 1369 1040 1435 πύργος
1072 1368 1167 1437 εἶχ’
1198 1369 1270 1420 ἔτι
1301 1370 1495 1427 πτόλιν,

397 1452 478 1517 ἔζη
510 1474 565 1504 τε
594 1453 822 1519 Πρίαμος
841 1452 1086 1520 “Εκτορός
1115 1453 1158 1504 τ’
1188 1451 1325 1517 ἤνθει
1357 1454 1489 1519 δόρυ,
1829 1470 1933 1499 1210

395 1537 448 1587 τί
471 1536 514 1587 δ’
545 1535 602 1587 οὐ
630 1536 746 1596 τότ’,
783 1538 919 1602 εἴπερ
949 1536 1061 1606 τῷδ’
1094 1535 1372 1601 ἐβουλήθης
1401 1535 1550 1605 χάριν

395 1619 589 1679 θέσθαι,
622 1619 823 1688 τρέφων
852 1619 940 1672 τὸν
968 1625 1120 1672 παῖδα
1151 1622 1241 1672 κάν
1271 1622 1439 1686 δόμοις
1468 1621 1600 1689 ἔχων

395 1703 615 1758 ἔκτεινας
642 1701 673 1769 ἢ
708 1704 844 1768 ζῶντ’
874 1703 1024 1769 ῆλθες
1055 1705 1300 1772 Ἀργείοις
1330 1704 1490 1772 ἄγων,-

393 1787 510 1840 ἀλλ’
539 1788 673 1858 ἡνίχ’
703 1789 844 1854 ἡμεῖς
874 1787 1030 1840 οὐκέτ’
1063 1791 1216 1853 ἐσμὲν
1248 1791 1300 1840 ἐν
1333 1789 1526 1855 φάει-

396 1877 563 1942 καπνῷ
593 1872 634 1924 δ’
665 1871 872 1938 ε’σήμην’
902 1872 1358 1938 ἄστυ-πολεμίων
1387 1874 1497 1931 ὕπο,
1829 1889 1932 1929 1215

321 1998 323 2001 .
393 1955 540 2020 ξένον
570 1955 804 2010 κατέκτας
836 1956 932 2022 σὴν
960 1957 1163 2021 μολόντ’
1194 1956 1274 2023 ἐφ’
1308 1958 1495 2009 ἑστίαν.

465 2039 588 2107 πρὸς
617 2043 787 2091 τοῖσδε
817 2043 906 2091 νῦν
937 2038 1167 2099 ἄκουσον,
1203 2040 1269 2094 ὡς
1299 2048 1462 2113 φανῇς
1495 2047 1655 2093 κακός.

392 2126 520 2190 χρῆν
550 2122 618 2181 σ’,
652 2125 789 2191 εἴπερ
820 2122 953 2188 ῆσθα
981 2129 1084 2178 τοῖς
1116 2124 1402 2192 Ἀχαιοῖσιν
1433 2125 1599 2190 φίλος,

391 2205 480 2258 τὸν
507 2206 699 2275 χρυσὸν
728 2209 785 2259 ὃν
816 2209 916 2280 φῂς
947 2208 1003 2258 οὐ
1034 2208 1127 2260 σὸν
1161 2208 1294 2258 ἀλλὰ
1323 2208 1450 2258 τοῦδ’
1481 2208 1616 2275 ἔχειν

391 2293 561 2342 δοῦναι
592 2290 812 2358 φέροντα
843 2291 1133 2356 πενομένοις
1166 2312 1221 2343 τε
1252 2292 1330 2342 καὶ
1361 2292 1544 2359 χρόνον
1826 2309 1932 2338 1220

391 2374 553 2426 πολὺν
582 2372 811 2445 πατρῴας
841 2379 933 2442 γῆς
964 2374 1370 2440 ἆπεξενωμένοις·

391 2458 456 2509 σὺ
486 2457 527 2509 δ’
558 2458 669 2509 οὐδὲ
699 2463 786 2510 νῦν
817 2480 892 2510 πω
926 2462 1019 2523 σῆς
1049 2458 1335 2523 ἀπαλλάξαι
1365 2459 1513 2528 χερὸς

389 2549 592 2613 τολμᾷς,
626 2543 758 2611 ἔχων
787 2545 841 2594 δὲ
872 2548 1122 2610 καρτερεῖς
1154 2542 1223 2594 ἔτ’
1255 2545 1309 2595 ἐν
1339 2544 1524 2609 δόμοις.

392 2626 472 2678 καὶ
500 2626 600 2691 μὴν
628 2626 827 2693 τρέφων
855 2629 948 2691 μὲν
979 2628 1045 2679 ὥς
1077 2649 1138 2678 σε
1170 2626 1303 2679 παῖδ’
1336 2629 1489 2695 ἐχρῆν
1520 2626 1723 2695 τρέφειν

323 2755 425 2793 1197
453 2743 516 2795 ὃς]
536 2744 587 2784 ὣς
606 2742 647 2781 Μ
663 2742 712 2781 13²
731 2744 857 2793 (corr.
877 2743 952 2793 M2)
975 2757 984 2782 :
1016 2747 1097 2784 πῶς
1119 2743 1253 2782 PV²b
1379 2744 1457 2796 φὴς
1479 2743 1546 2782 vel
1568 2745 1647 2795 φῆς
1667 2744 1788 2784 codd.
1806 2750 1848 2783 et
1867 2750 1898 2788 Σ
1919 2760 1927 2784 :

264 2796 435 2851 ‹p7'75{V²
541 2814 606 2852 γρ.
631 2797 757 2849 φόνον
775 2803 807 2841 Σ
822 2797 863 2836 Μ
1015 2810 1114 2836 1201
1148 2799 1234 2838 οὔτ’
1255 2798 1376 2837 codd.
1397 2811 1406 2835 :
1437 2809 1546 2837 corr.
1572 2798 1759 2837 Dindorf
1863 2800 1927 2840 καὶ

263 2864 331 2891 om
587 2865 691 2901 1209
720 2855 859 2904 εἴχετο
883 2852 923 2890 Μ
947 2866 956 2891 :
986 2853 1075 2903 εἶχε
1095 2852 1174 2900 τὴν
1196 2851 1254 2890 Μ2
1268 2852 1302 2890 L
1456 2850 1606 2893 πτόλιν
1621 2852 1662 2891 Α
1680 2856 1742 2901 (et
1763 2853 1802 2892 Ο
1818 2853 1897 2903 F2)
1917 2867 1924 2892 :

263 2905 386 2947 πόλιν
405 2906 494 2946 rell.
632 2920 732 2945 1211
765 2907 800 2947 δ’
824 2907 975 2955 οὐκδὺ
996 2909 1056 2955 οὐ,
1078 2912 1205 2956 puto:
1234 2907 1278 2947 τί
1297 2909 1342 2947 οὔ
1362 2905 1589 2945 Wecklein
1724 2920 1827 2945 1212
1854 2908 1927 2948 τὸν

262 2973 344 3000 om.
363 2960 399 2999 L
524 2974 626 3011 1214
648 2960 772 3011 ἐσμὲν
788 2961 904 3000 MV:
934 2960 1038 3011 ἦμεν
1056 2960 1095 2998 Α
1111 2961 1172 3001 B:
1204 2961 1314 3011 εἶμεν
1330 2961 1364 2999 L
1379 2960 1413 2999 P
1542 2973 1661 3010 1214,
1683 2973 1927 3012 1215fpara-

261 3016 451 3066 graphos
472 3015 650 3054 inseruit
669 3015 892 3054 Marchant
908 3014 1017 3068 (non
1034 3017 1084 3066 Σ)
1197 3017 1343 3057 καπνὸς
1365 3015 1526 3054 Canter
1640 3028 1740 3065 1217
1763 3018 1870 3068 φανῆ
1885 3017 1925 3055 Α

266 3082 370 3109 1220
389 3070 456 3121 τε]
479 3070 578 3112 τότε
601 3070 641 3108 Μ
