2118 3366
843 116 1162 165 ΜΗΔΕΙΑ

297 250 433 317 κάγὼ
464 249 613 301 πόλιν
644 246 740 310 σὴν
772 246 837 299 ὡς
867 244 1065 312 τάχιστ’
1098 244 1352 310 ἀφίξομαι,

299 329 512 399 πράξασ’
544 331 575 383 ἃ
602 329 775 396 μέλλω
809 329 887 380 καὶ
918 327 1122 396 τυχοΰσ’
1153 328 1185 378 ἃ
1213 328 1479 392 βούλομαι.

173 421 264 469 Χο.
298 414 432 467 ἀλλά
463 414 512 482 σ’
543 416 569 465 ὁ
600 414 769 466 Μαίας
798 416 1046 477 πομπαῖος
1076 409 1204 475 ἄναξ

300 498 540 552 πελάσειε
569 498 752 562 δόμοις,
785 497 855 548 ὧν
885 494 928 545 τ’
958 495 1182 547 ἐπίνοιαν
1768 497 1847 547 760

302 583 531 636 σπεύδεις
564 579 786 648 κατέχων
815 577 1066 647 πράξειας,
1101 578 1209 630 ἐπεὶ

298 671 526 733 γενναῖος
556 663 695 731 ἀνήρ,

301 754 470 817 Αἶγεῦ,
503 748 617 816 παρ’
649 748 757 814 ἐμοὶ
787 748 1069 812 δεδόκησαι.

177 838 281 899 Μη.
303 832 342 886 ὦ
373 838 470 886 Ζεῦ
501 835 628 896 Δίκη
659 854 714 886 τε
744 831 905 896 Ζηνὸς
934 831 1116 882 “Ηλίου
1145 851 1198 881 τε
1230 833 1355 895 φῶς,

303 923 388 970 νῦν
420 918 698 970 καλλίνικοι
727 921 826 967 τῶν
856 918 988 981 ἐμῶν
1019 917 1229 983 ἐχθρῶν,
1265 914 1430 979 φίλαι,
1770 918 1846 970 765

302 1002 654 1069 γενησόμεσθα
685 1002 784 1053 κείς
815 999 931 1051 ὁδὸν
960 997 1272 1064 βεβήκαμεν·

304 1091 391 1138 νῦν
419 1082 499 1152 [δ’]
530 1085 672 1139 ἐλπὶς
704 1083 912 1152 ἐχθροὺς
942 1082 1056 1135 τοὺς
1087 1081 1234 1146 ἐμοὺς
1263 1081 1450 1131 τείσειν
1478 1080 1638 1145 δίκην.

305 1170 448 1224 οὗτος
477 1171 573 1236 γὰρ
604 1168 726 1235 ἀνὴρ
757 1166 786 1240 ᾗ
817 1166 1023 1232 μάλιστ’
1058 1165 1334 1230 ἐκάμνομεν

305 1253 459 1319 λιμὴν
488 1252 738 1320 πέφανται
768 1257 867 1303 τῶν
898 1253 1030 1316 ἐμῶν
1059 1246 1434 1316 βουλευμάτων·

305 1340 360 1389 ἐκ
390 1337 519 1389 τοῦδ’
549 1337 886 1404 ἆναψόμεσθα
916 1332 1202 1402 πρυμνήτην
1235 1331 1416 1389 κάλων,
1769 1345 1849 1385 770

305 1422 549 1487 μολόντες
578 1420 705 1472 ἄστυ
738 1420 816 1471 καὶ
847 1420 1076 1484 πόλισμα
1106 1415 1394 1468 Παλλάδος.

304 1505 396 1571 ἤδη
430 1509 483 1559 δὲ
512 1504 675 1558 πάντα
704 1504 835 1570 τάμά
866 1525 950 1555 σοι
979 1501 1301 1568 βουλεύματα

305 1588 453 1654 λέξω·
498 1588 646 1657 δέχου
676 1591 730 1640 δὲ
759 1588 825 1654 μὴ
858 1588 980 1655 πρὸς
1010 1585 1194 1651 ἡδονὴν
1223 1585 1421 1650 λόγους.

388 1673 621 1742 πέμψασ’
653 1676 783 1740 ἐμῶν
813 1673 906 1725 τιν’
938 1674 1142 1724 οἰκετῶν
1172 1669 1376 1722 Ἰάσονα

307 1758 357 1810 ἐς
387 1759 510 1824 ὄψιν
543 1758 708 1807 ἐλθεῖν
738 1754 829 1819 τὴν
862 1754 984 1820 ἐμὴν
1016 1751 1300 1817 αἰτήσομαι·
1773 1763 1848 1810 775

302 1841 510 1907 μολόντι
541 1839 582 1890 δ’
614 1839 742 1909 αὐτῷ
773 1837 1058 1905 μαλθακοὺς
1087 1835 1218 1900 λέξω
1249 1837 1447 1902 λόγους,

307 1925 372 1978 ὣς
403 1924 481 1976 καὶ
511 1927 648 1975 δοκεῖ
672 1945 755 1988 μοι
786 1921 953 1981 ταύτά,
989 1921 1068 1972 καὶ
1100 1926 1264 1974 καλῶς
1295 1920 1431 1988 ἔχειν

306 2007 491 2076 γάμους
520 2007 771 2074 τυράννων
800 2007 884 2060 οὓς
913 2005 1125 2073 προδοὺς
1152 2005 1281 2069 ἡμᾶς
1311 2005 1433 2072 ἔχει·

306 2093 385 2144 καὶ
415 2091 625 2160 ξύμφορ’
658 2092 782 2144 εἶναι
814 2091 892 2142 καὶ
924 2094 1086 2143 καλῶς
1117 2087 1423 2156 ἐγνωσμένα.

304 2180 483 2231 παῖδας
512 2179 565 2229 δὲ
594 2181 759 2242 μεῖναι
788 2176 902 2229 τοὺς
933 2174 1078 2240 ἐμοὺς
1108 2171 1393 2237 αἰτήσομαι,
1770 2177 1851 2225 780

307 2262 402 2330 οὐχ
431 2261 495 2314 ὡς
524 2260 724 2313 λιποῦσ’
757 2260 818 2312 ἂν
847 2260 1089 2324 πολεμίας
1121 2258 1202 2309 ἐπὶ
1231 2255 1416 2324 χθονὸς

308 2347 534 2414 ἐχθροῖσι
563 2349 741 2398 παῖδας
771 2344 884 2397 τοὺς
916 2343 1059 2408 ἐμοὺς
1092 2341 1409 2408 καθυβρίσαι,

306 2429 423 2481 ἀλλ’
455 2430 520 2484 ὥς
550 2431 747 2481 δόλοισι
778 2433 930 2480 παῖδα
958 2424 1220 2493 βασιλέως
1251 2424 1427 2476 κτάνω.

236 2547 315 2597 758
343 2546 513 2599 τυχοῦσ’
535 2545 589 2588 ὧν
613 2545 700 2584 AP
923 2556 1001 2593 759
1030 2542 1135 2592 XO]
1158 2545 1289 2582 ταῦτα
1318 2540 1415 2582 ἔνιοι
1444 2544 1501 2591 τῷ
1530 2539 1641 2593 χόρῳ
1673 2539 1769 2581 ἔνιοι
1797 2542 1849 2593 τῇ

182 2601 338 2655 Μηδείᾳ
365 2600 660 2655 προσνέμουσιν
688 2605 719 2644 Σ
883 2601 959 2648 767
1001 2599 1034 2639 δ’
1066 2596 1147 2636 del.
1183 2596 1398 2635 Matthiae.
1458 2595 1642 2633 Versum
1671 2594 1849 2633 seclusit

182 2656 325 2695 Bothe
505 2657 585 2705 768
614 2656 712 2708 ἀνὴρ
734 2654 855 2694 codd.
879 2668 888 2692 :
918 2666 1025 2692 corr.
1051 2652 1218 2691 Porson
1347 2649 1527 2702 μάλιστά
1550 2648 1753 2700 κάμνομεν
1780 2648 1820 2687 Α
1840 2663 1849 2687 :

181 2723 288 2751 corr.
309 2709 364 2749 A²
543 2711 622 2759 769
650 2710 857 2761 πέφασται
875 2709 916 2747 V
1081 2719 1159 2756 774
1190 2705 1288 2757 ἐμόν
1307 2704 1384 2746 τιν’
1404 2704 1445 2742 Α
1612 2716 1689 2753 777
1719 2706 1850 2744 ταῦτα

182 2766 339 2806 codd.:
379 2777 486 2805 corr.
527 2765 696 2804 Barnes
880 2763 993 2815 ἔχειν
1026 2760 1304 2810 Hervagiana
1337 2759 1554 2798 secunda:
1600 2762 1689 2810 ἔχει
1724 2758 1846 2798 codd.

182 2832 262 2870 779
301 2817 537 2872 ἐγνωσμένα
568 2818 736 2857 AVB:
778 2816 1024 2872 εἰργασμένα
1058 2815 1140 2854 LP
1411 2814 1491 2863 780
1528 2811 1690 2863 παῖδας]
1722 2812 1847 2853 πόδας

180 2887 393 2925 suprascr.
414 2873 470 2913 Αι
650 2875 726 2923 781
759 2873 922 2912 λιποῦσ’
943 2873 992 2912 ἃν
1012 2870 1226 2920 Elmsley:
1258 2872 1435 2910 λιποῦσα
1455 2869 1576 2907 codd.
1602 2882 1612 2907 z
1641 2868 1745 2909 λίπω
1766 2877 1846 2920 σφε

162 2928 350 2986 ,Burges
534 2929 612 2978 782
653 2927 733 2969 del.
766 2926 965 2967 Brunck:
996 2927 1155 2978 ἐχθροῖς
1175 2928 1374 2978 παρασχῶ
1393 2923 1544 2961 Arnim
