2118 3366
903 107 1382 175 ETPIHIAOT‘

412 247 623 315 τροπαῖά
653 249 696 301 τ’
727 252 919 319 ἐχθρῶν
951 253 1031 304 καὶ
1060 254 1207 306 πόλει
1239 254 1476 323 σωτήρια,
1514 256 1517 258 ’
1606 301 1625 305 ,,
1696 257 1698 261 “
1757 300 1763 305 .
1875 279 1958 318 402

413 334 733 397 θυηπολεῖται
764 333 806 386 δ’
836 334 962 387 ἄστυ
992 335 1218 402 μάντεων
1245 340 1358 391 ὕπο.
1424 384 1426 387 .
1530 384 1532 386 r
1879 363 1956 401 401

409 421 655 483 χρησμῶν
685 417 726 468 δ’
757 419 953 473 ἀοιδοὺς
983 419 1174 475 πάντας
1204 424 1279 488 εἷς,
1305 423 1358 474 ἓν
1389 426 1573 478 ἁλίσας

411 498 605 567 ἤλεγξα
635 502 714 553 καὶ
744 501 954 567 βέβηλα
988 504 1067 555 καὶ
1099 506 1407 572 κεκρυμμένα

410 584 560 650 λόγια
591 584 794 645 παλαιά,
828 590 944 658 τῇδε
973 595 1038 659 γῇ
1072 587 1310 654 σωτήρια.
1878 611 1958 650 405

413 666 491 718 καὶ
521 672 620 719 τῶν
649 671 740 733 μὲν
769 667 940 721 ἄλλων
971 669 1169 738 διάφορ’
1200 674 1310 725 ἐστὶ
1341 673 1616 740 θεσφάτοις

411 751 579 802 πόλλ’·
627 751 680 803 ἓν
710 755 764 804 δὲ
792 757 921 805 πᾶσι
951 759 1127 821 γνῶμα
1156 756 1333 808 ταύτὸν
1365 758 1621 824 ἐμπρέπει·

413 833 607 901 σφάξαι
641 836 934 889 κελεύουσίν
964 859 1027 902 με
1058 839 1307 906 παρθένον
1339 842 1477 913 Κόρῃ

414 917 693 984 Δήμητρος,
727 920 834 984 ἥτις
866 922 976 972 ἐστὶ
1007 922 1192 989 πατρὸς
1224 923 1467 991 εὐγενοῦς.

495 1003 593 1068 ἐγὼ
625 1002 666 1054 δ’
697 1003 798 1071 ἔχω
829 1004 937 1068 μέν,
973 1005 1038 1058 ὣς
1070 1008 1201 1076 ὁρᾷς,
1236 1010 1511 1073 προθυμίαν
1884 1029 1960 1068 410

409 1083 612 1149 τοσήνδ’
643 1088 694 1139 ἐς
723 1088 864 1152 ὑμᾶς·
913 1092 1066 1140 παῖδα
1097 1089 1139 1140 δ’
1171 1090 1272 1141 οὔτ’
1306 1091 1426 1157 ἐμὴν
1457 1099 1611 1145 κτενῶ

411 1169 512 1219 οὔτ’
543 1168 705 1222 ἄλλον
734 1172 903 1223 ἀστῶν
936 1178 1034 1224 τῶν
1066 1175 1198 1238 ἐμῶν
1231 1175 1501 1242 ἀναγκάσω

410 1252 595 1304 ἄκονθ’·
645 1255 769 1306 ἑκὼν
799 1258 852 1306 δὲ
884 1257 958 1310 τίς
991 1262 1149 1311 κακῶς
1182 1259 1306 1309 οὕτω
1339 1265 1530 1326 φρονεῖ,

411 1338 551 1391 ὅστις
581 1340 642 1389 τδι
674 1339 876 1405 φίλτατ’
910 1341 963 1391 ἐκ
995 1346 1158 1409 χερῶν
1189 1343 1341 1394 δώσει
1370 1343 1544 1405 τέκνα;

411 1423 490 1473 καὶ
520 1427 607 1473 νῦν
639 1426 814 1490 πικρὰς
846 1423 908 1475 ἂν
941 1425 1216 1479 συστάσεις
1247 1426 1307 1478 ἂν
1339 1429 1559 1488 εἰσίδοις,
1880 1446 1958 1486 415

410 1510 507 1556 τῶν
537 1509 629 1571 μὲν
660 1508 918 1574 λεγόντων
953 1509 1017 1562 ὡς
1049 1511 1238 1562 δίκαιον
1268 1510 1329 1575 ἣν
1360 1509 1520 1574 ξένοις

412 1589 594 1643 ἱκέταις
625 1590 846 1658 ἀρήγειν,
880 1598 981 1644 τῶν
1013 1596 1066 1645 δὲ
1094 1596 1283 1662 μωρίαν
1314 1595 1438 1661 ἐμὴν

412 1676 831 1741 κατηγορούντων·
881 1679 923 1728 εἶ
955 1680 1008 1729 δὲ
1040 1677 1097 1742 δὴ
1129 1678 1298 1746 δράσω
1328 1681 1456 1739 τόδε,

410 1760 588 1812 οἰκεῖος
620 1759 714 1824 ἤδη
746 1761 968 1826 πόλεμος
1002 1761 1299 1829 ἐξαρτύεται.

410 1842 544 1893 ταῦτ’
577 1844 664 1895 οὖν
694 1845 785 1911 ὅρα
818 1845 881 1896 σὺ
915 1847 994 1897 καὶ
1026 1845 1373 1915 συνεξεύρισχ’
1405 1849 1538 1902 ὅπως
1877 1868 1960 1908 420

411 1926 552 1978 αὐτοί
576 1949 629 1979 τε
660 1927 963 1993 σωθήσεσθε
995 1932 1074 1982 καὶ
1105 1931 1257 1983 πέδον
1288 1933 1417 1990 τόδε,

412 2013 548 2078 κάγὼ
578 2015 808 2067 πολίταις
839 2013 905 2078 μὴ
939 2014 1363 2081 διαβληθήσομαι.

410 2095 466 2145 οὐ
496 2097 590 2162 γὰρ
620 2098 865 2163 τυραννίδ’
897 2098 1032 2150 ὥστε
1061 2099 1338 2167 βαρβάρων
1370 2100 1487 2167 ἔχω·

410 2179 542 2238 ἀλλ’,
575 2176 636 2244 ἢν
667 2182 829 2232 δίκαια
861 2185 974 2248 δρῶ,
1008 2184 1170 2234 δίκαια
1200 2185 1452 2250 πείσομαι.

286 2266 376 2313 Χο.
409 2263 524 2314 ἀλλ’
557 2262 587 2328 ἧ
618 2266 871 2330 πρόθυμον
905 2267 1063 2318 οὖσαν
1095 2269 1181 2319 οὐκ
1213 2270 1270 2338 ἐᾷ
1300 2268 1411 2322 θεὸς
1874 2288 1954 2327 425

409 2346 568 2411 ξένοις
601 2347 803 2415 ἀρήγειν
834 2349 983 2414 τήνδε
1013 2352 1284 2423 χρῄζουσιν
1315 2354 1489 2413 πόλιν,·

287 2435 352 2481 Ιο.
408 2429 445 2482 ὦ
476 2431 620 2491 τέκν’,
656 2432 854 2500 ἔοιγμεν
886 2436 1213 2495 ναυτίλοισιν,
1247 2438 1426 2490 οἵτινες

408 2521 652 2583 χειμῶνος
684 2519 990 2584 ἐκφυγόντες
1020 2518 1193 2586 ἄγριον
1223 2519 1373 2586 μένος

338 2610 418 2682 402
448 2634 708 2684 transposuit
730 2635 971 2685 Tyrwhitt;
1011 2637 1161 2677 melius
1182 2637 1363 2678 fortasse
1384 2644 1480 2688 post
1501 2650 1580 2686 404
1604 2637 1744 2676 deleto
1765 2649 1856 2686 405,
1881 2644 1954 2694 auss

284 2694 380 2738 post
400 2702 481 2739 409
640 2700 721 2738 405
754 2691 869 2729 delet
888 2691 1179 2731 Wilamowitz
1292 2691 1490 2746 σωτήρια]
1513 2691 1774 2745 κεχρησμένα
1794 2692 1951 2748 Weck7

283 2743 368 2782 lein
577 2746 658 2794 406
688 2744 905 2796 θεσφάτοις
929 2745 1162 2785 Kirchhoff
1174 2762 1183 2786 :
1214 2747 1428 2800 θεσφάτων
1450 2746 1532 2800 LP
1744 2759 1823 2796 407
1853 2749 1951 2794 πᾶσι

283 2798 414 2837 citant
436 2798 580 2838 Schol.
606 2799 737 2848 Soph.
763 2799 867 2838 Ant.
892 2813 982 2849 174,
1003 2800 1151 2841 Trach.
1176 2814 1282 2851 593:
1313 2801 1476 2842 πάντων
1497 2801 1530 2839 L
1546 2801 1579 2839 P
1745 2801 1825 2850 408
1855 2800 1951 2855 κόρῃ

283 2854 418 2894 voluit
438 2856 455 2893 l
468 2875 476 2899 :
506 2853 628 2907 κόρην
650 2853 684 2891 L
699 2853 733 2891 P
913 2867 995 2904 409
1025 2855 1198 2908 δήμητρί
1215 2856 1258 2908 γ’
1278 2856 1296 2894 l
1471 2869 1548 2908 411
1582 2859 1711 2897 κτενῶ
1733 2854 1952 2905 Elmsley-:

283 2911 415 2948 κτανῶ
438 2907 471 2945 L
485 2908 517 2945 P
668 2918 748 2957 415
778 2908 942 2962 πικρὰς]
965 2911 1113 2952 πυκνὰς
1137 2910 1306 2949 Dobree
1419 2912 1469 2952 ἂν
1489 2911 1651 2952 εἰσίδοις
1670 2916 1919 2960 suspectum
1938 2923 1948 2949 :

282 2963 421 3003 ἀστῶν
458 2965 556 3002 ἴδοις
592 2962 796 3012 Hartung
1016 2966 1097 3012 416
1140 2963 1166 3013 ἧ
1203 2964 1283 3003 LP
1502 2977 1582 3014 417
1627 2968 1723 3016 ἐμοῦ
1758 2962 1951 3014 Elmsley

282 3018 365 3066 426
394 3015 616 3070 χρῄζουσιν
638 3016 909 3056 Herwerden
928 3031 936 3056 :
967 3018 1200 3073 χρῄζουσαν
1223 3019 1255 3057 L
1271 3019 1304 3057 P
1453 3033 1532 3069 427
1563 3020 1846 3061 ναυτίλλοισιν
1866 3018 1900 3058 L
1916 3018 1952 3057 P
