2118 3366
898 152 1338 203 ΕΥΡΙΠΙΔΟΥ

406 279 465 334 τὸ
493 282 587 349 μὲν
615 281 860 350 μέγιστον
891 282 1017 336 Ζεὺς
1050 283 1132 351 ἐφ’
1162 283 1220 335 οὗ
1251 282 1316 335 σὺ
1345 283 1539 349 βώμιος

410 370 576 420 θακεῖς
607 371 840 419 νεοσσῶν
870 364 1006 431 τήνδ’
1037 366 1172 435 ἔχων
1200 365 1494 434 πανήγυριν·

408 450 466 502 τὸ
498 449 741 518 συγγενές
770 471 827 502 τε
858 451 938 503 καὶ
968 450 1026 502 τὸ
1051 451 1383 518 -προυφείλειν
1414 455 1577 503 καλῶς
1875 469 1955 509 240

407 533 660 601 πράσσειν
689 534 805 601 παρ’
836 534 976 599 ἡμῶν
1004 534 1186 586 τούσδε
1214 531 1446 604 πατρῴαν
1473 533 1639 601 χάριν·

409 619 469 668 τό
497 618 540 669 τ’
573 619 803 685 αἰσχρόν,
837 617 988 684 οὗπερ
1019 621 1098 670 δεῖ
1122 617 1348 684 μάλιστα
1377 618 1662 685 φροντίσαι·

412 703 455 753 εἷ
485 704 582 768 γὰρ
610 701 820 769 παρήσω
852 702 998 753 τόνδε
1032 705 1285 753 συλᾶσθαι
1315 701 1407 770 βίᾳ

410 784 554 849 ξένου
583 785 704 853 πρὸς
736 785 912 852 ἀνδρὸς
942 783 1136 852 βωμόν,
1169 785 1254 837 οὐκ
1288 784 1552 853 ἐλευθέραν

409 871 565 921 οἰκεῖν
596 867 792 933 δοκήσω
822 873 988 936 γαῖαν,
1023 869 1264 936 Ἀργείων
1296 869 1336 921 δ’
1367 871 1493 939 ὄκνῳ
1876 886 1953 926 245

412 951 576 1007 ἱκέτας
606 957 890 1020 προδοῦναι·
939 954 1020 1005 καὶ
1051 952 1157 1005 τάδ’
1189 954 1409 1021 ἀγχόνης
1439 952 1609 1007 πέλας.

412 1036 530 1088 ἀλλ’
562 1037 757 1104 ὤφελες
786 1040 878 1102 μὲν
911 1036 1267 1105 εὐτυχέστερος
1295 1041 1487 1102 μολεῖν,

412 1121 545 1185 ὅμως
574 1124 628 1173 δὲ
660 1123 739 1173 καὶ
768 1125 856 1173 νῦν
885 1121 951 1186 μὴ
986 1120 1168 1192 τρέσῃς
1200 1122 1332 1174 ὅπως
1363 1120 1425 1172 σέ
1453 1142 1527 1174 τις

416 1204 512 1257 σὺν
542 1206 687 1257 παισὶ
718 1209 894 1270 βωμοῦ
921 1204 1053 1256 τοῦδ’
1086 1205 1377 1257 ἇποσπάσει
1408 1206 1516 1273 βίᾳ.

501 1288 564 1340 σὺ
594 1288 635 1339 δ’
662 1287 849 1355 Ἀργος
879 1289 1042 1340 ἐλθὼν
1071 1288 1226 1339 ταῦτά
1255 1288 1298 1339 τ’
1332 1289 1585 1354 Εὐρυσθεῖ
1611 1286 1828 1355 φράσον,
1880 1303 1959 1342 250

415 1372 538 1440 πρὸς
568 1371 737 1424 τοῖσδέ
765 1372 825 1431 τ’,
860 1374 907 1424 εἴ
932 1393 979 1423 τι
1011 1372 1193 1424 τοισίδ’
1226 1374 1431 1439 ἐγκαλεῖ
1457 1371 1631 1436 ξένοις,

417 1457 552 1521 δίκης
584 1454 832 1522 κυρήσειν·
878 1456 1060 1507 τούσδε
1091 1456 1133 1506 δ’
1167 1456 1251 1507 οὐκ
1284 1453 1417 1519 ἄξεις
1446 1455 1584 1508 ποτέ.

294 1543 385 1604 Κη.
412 1540 498 1591 οὐκ
528 1536 589 1603 ἢν
620 1541 809 1591 δίκαιον
837 1538 867 1612 ᾗ
893 1561 941 1591 τι
972 1541 1051 1592 καὶ
1086 1545 1203 1591 νικῶ
1233 1541 1396 1609 λόγῳ;

295 1629 388 1688 Δη.
417 1623 496 1675 καὶ
527 1628 631 1676 πῶς
660 1626 848 1675 δίκαιον
878 1623 965 1675 τὸν
999 1623 1165 1688 ἱκέτην
1196 1623 1335 1690 ἄγειν
1365 1625 1481 1692 βίᾳ,·

298 1712 387 1772 Κη.
415 1708 503 1759 οὐκ
534 1707 620 1758 οῦν
652 1707 759 1772 ἐμοὶ
789 1707 891 1759 τόδ’
923 1709 1152 1775 αἰσχρόν,
1189 1707 1303 1759 ἀλλ’
1336 1703 1437 1773 (οὐ)
1470 1707 1552 1758 σοὶ
1580 1706 1809 1773 βλάβος,·
1879 1723 1958 1762 255

297 1797 390 1856 Δη.
412 1791 526 1856 ἐμοί
553 1790 616 1857 γ’,
651 1790 737 1843 ἐάν
768 1812 851 1843 σοι
882 1791 1050 1842 τούσδ’
1084 1791 1389 1857 ἐφέλκεσθαι
1419 1795 1567 1857 μεθῶ.

297 1879 388 1940 Κη.
416 1875 480 1926 σὺ
512 1874 553 1926 δ’
587 1873 790 1942 ἐξόριζε,
826 1874 928 1945 κᾷτ’
962 1877 1150 1927 ἐκεῖθεν
1180 1874 1379 1941 ἄξομεν.

298 1965 393 2024 Δη.
420 1958 592 2013 σκαιὸς
622 1958 845 2026 πέφυκας
875 1963 961 2011 τοῦ
992 1962 1107 2011 θεοῦ
1136 1960 1292 2012 πλείω
1323 1964 1539 2026 φρονῶν.

299 2047 391 2108 Κη.
419 2043 563 2110 δεῦρ’,
597 2043 661 2097 ὡς
692 2043 836 2102 ἔοικε,
870 2048 973 2097 τοῖς
1005 2048 1202 2095 κακοῖσι
1234 2043 1491 2111 φευκτέον.

300 2132 394 2193 Δη.
417 2127 578 2179 ἅπασι
610 2127 774 2179 κοινὸν
802 2129 931 2194 ῥῦμα
960 2128 1205 2193 δαιμόνων
1236 2129 1367 2195 ἕδρα.
1885 2131 1964 2172 260

300 2215 393 2276 Κη.
421 2211 553 2264 ταῦτ’
586 2212 641 2262 οὗ
673 2210 877 2276 δοκήσει
905 2216 1009 2265 τοῖς
1042 2213 1346 2277 Μυκηναίοις
1375 2214 1513 2266 ἴσως.

301 2301 396 2360 Δη.
419 2296 505 2347 οὐκ
536 2296 622 2347 οὖν
653 2297 751 2362 ἐγὼ
782 2301 879 2347 τῶν
912 2295 1075 2347 ἐνθάδ’
1107 2298 1205 2362 εἰμὶ
1236 2298 1421 2363 κύριος,·

302 2384 393 2445 Κη.
418 2380 664 2446 βλάπτων
697 2377 788 2447 <γ’>
822 2381 1038 2434 ἐκείνους
1065 2380 1235 2446 μηδέν,
1269 2376 1330 2444 ἢν
1360 2380 1424 2432 σὺ
1455 2386 1737 2452 σωφρονῇς.

302 2469 396 2528 Δη.
419 2463 720 2529 βλάπτεσθ’,
758 2466 876 2530 ἐμοῦ
905 2486 964 2532 γε
993 2464 1059 2529 μὴ
1089 2466 1375 2531 μιαίνοντος
1407 2465 1563 2518 θεούς.

355 2579 437 2630 238
476 2581 628 2631 βώμιος
660 2581 932 2631 Stephanus:
974 2581 1148 2632 βωμίους
1180 2581 1263 2620 LP
1469 2593 1551 2630 239
1590 2580 1783 2632 ὁμήγυριν
1814 2579 1967 2635 Nauck

235 2654 237 2656 ·
302 2648 383 2685 242
411 2636 468 2688 τ’]
493 2637 529 2676 δ’
550 2636 584 2674 Ρ
777 2647 856 2685 245
886 2637 1083 2689 Ἀργείων
1105 2636 1302 2675 Dobree:
1334 2636 1508 2691 ἆρ’γείοις
1530 2634 1612 2674 LP
1723 2633 1826 2686 ὄκνῳ
1850 2633 1965 2672 Mus-

303 2703 457 2739 grave:
488 2691 592 2731 ὀκνῶ
614 2691 647 2730 L
664 2691 698 2730 P
841 2692 922 2740 246
950 2690 1036 2731 τόδ’
1060 2691 1251 2742 Elmsley
1390 2703 1468 2740 247
1500 2688 1795 2742 εὐτυχέστερος
1814 2700 1961 2738 apogr.

306 2743 468 2784 Paris.:
509 2745 808 2799 εὐτυχέστερον
837 2746 871 2783 L
887 2746 920 2784 P
1121 2758 1203 2796 249
1233 2744 1452 2794 ἀποσπάσῃ
1478 2745 1512 2783 L
1528 2744 1590 2783 P:
1631 2756 1739 2782 corr.
1775 2742 1968 2793 Elmsley

303 2811 381 2848 251
412 2798 543 2840 τοῖσδ’
560 2800 617 2840 ἔτ’
633 2800 667 2839 L
683 2800 741 2839 P:
774 2813 881 2840 corr.
904 2797 1131 2849 Musgrave
1272 2812 1352 2850 252
1381 2800 1570 2853 κυρήσειν
1586 2799 1750 2838 Bothe:
1782 2798 1969 2851 anaphen*

307 2853 364 2895 L:
396 2854 580 2907 κυρήσειε
598 2854 631 2893 Ρ
785 2866 863 2904 253
893 2852 982 2904 οὐκ]
1000 2855 1082 2895 οὐδ’
1101 2853 1252 2894 Nauck
1360 2853 1420 2906 τι]
1437 2871 1485 2894 τε
1501 2853 1648 2893 Heath
1759 2863 1839 2902 255
1869 2851 1968 2892 ἀλλ’

306 2911 351 2948 οὗ
381 2907 640 2957 Musgrave:
679 2910 790 2950 ἀλλὰ
820 2909 853 2947 L
871 2908 905 2947 P
1080 2911 1145 2950 σοὶ
1175 2914 1392 2948 corrector
1419 2921 1567 2958 apogr.
1601 2907 1765 2947 Paris:
1805 2907 1855 2947 σὺ
1886 2906 1969 2945 LP

306 2964 387 3001 262
415 2967 498 3004 τῶν
520 2963 679 3002 Reiske
699 2978 709 3002 ε
737 2969 819 3004 τῶν
839 2963 872 3004 δ’
893 2963 926 3002 L
942 2962 998 3002 P:
1030 2967 1111 3004 τῶν
1130 2963 1172 3016 γ’
1191 2963 1482 3004 Wilamowitz
1695 2961 1777 3012 263
1804 2961 1847 3014 γ’
1866 2959 1962 3000 add.

308 3017 499 3067 Elmsley
628 3020 677 3059 ἂν
698 3018 806 3057 LP:
835 3031 942 3058 corr.
970 3016 1175 3058 Matthiae
