2118 3366
802 110 1272 159 ΙΠΠΟΛὙΤΟΣ

199 244 297 294 Φα.
407 241 652 305 δύστηνος
682 240 797 307 ἐγώ,
821 240 882 302 ,τί
907 238 1016 292 ποτ’
1047 238 1382 307 εἷργασάμην,·

407 330 498 377 ποῖ
522 322 918 392 παρεπλάγχθην
947 324 1147 391 γνώμης
1178 324 1366 390 ἀγαθῆς
1373 344 1392 383 ,·
1782 342 1867 384 240

409 407 611 474 ἐμάνην,
645 407 830 460 ἔπεσον
860 408 1091 473 δαίμονος
1122 406 1230 479 ἄτῃ.

408 497 505 560 φεΰ
534 496 646 559 φεῦ,
678 489 898 557 τλήμων.

406 580 544 642 μαῖα,
575 573 732 628 πάλιν
760 596 854 640 μου
886 574 1080 642 κρύψον
1111 572 1355 642 κεφαλήν,

410 659 677 725 αἰδούμεθα
705 660 801 726 γὰρ
833 661 894 710 τὰ
923 658 1206 726 λελεγμένα
1234 680 1335 725 μοι.

411 743 607 811 κρύπτε·
654 742 757 795 κατ’
788 745 963 795 ὅσσων
994 742 1145 809 δάκρυ
1173 764 1258 808 μοι
1286 743 1471 809 βαίνει,
1786 760 1865 801 245

410 827 489 879 καὶ
521 825 600 879 ἐπ’
632 826 880 894 αἰσχύνην
911 829 1044 893 ὄμμα
1072 826 1356 894 τέτραπται.

409 911 467 963 τὸ
496 913 592 979 γὰρ
617 912 888 978 ὀρθοῦσθαι
918 911 1122 979 γνώμην
1152 913 1315 981 ὀδυνᾷ·

406 994 468 1049 ,τὸ
497 997 551 1047 δὲ
580 995 880 1061 μαινόμενον
912 995 1076 1047 κακόν·
1124 996 1258 1046 ἀλλὰ
1290 999 1461 1063 κρατεῖ

491 1079 558 1145 μὴ
588 1079 917 1148 γιγνώσκοντ’
949 1078 1244 1131 ἀπολέσθαι.

198 1167 289 1231 Τρ.
412 1163 624 1230 κρύπτω·
668 1162 727 1214 τὸ
756 1163 797 1214 δ’
828 1163 949 1229 ε’μὸν
980 1164 1102 1216 πότε
1132 1162 1189 1227 δὴ
1223 1161 1432 1217 θάνατος
1789 1180 1869 1220 250

409 1253 555 1313 σῶμα
584 1247 826 1315 καλύψει;

409 1333 578 1384 πολλὰ
608 1330 832 1383 διδάσκει
867 1331 916 1396 μ’
949 1332 975 1381 ὁ
1006 1331 1162 1385 πολὺς
1191 1332 1381 1396 βίοτος.

408 1419 537 1484 χρῆν
565 1417 660 1483 γὰρ
690 1415 891 1482 μετρίας
923 1417 992 1469 εἷς
1023 1414 1275 1480 ἀλλήλους

411 1501 586 1566 φιλίας
617 1499 825 1564 θνητοὺς
856 1500 1212 1566 ἀνακίρνασθαι

412 1583 492 1635 καὶ
519 1583 588 1650 μὴ
618 1583 741 1650 πρὸς
771 1582 920 1650 ἄκρον
951 1582 1137 1648 μυελὸν
1164 1586 1353 1651 ψυχῆς,
1788 1599 1866 1639 255

412 1668 593 1720 εὔλυτα
623 1667 666 1719 δ’
699 1666 825 1719 εἶναι
857 1667 1138 1734 στέργηθρα
1170 1672 1366 1734 φρενῶν

410 1752 511 1805 ἆπό
539 1751 581 1803 τ’
614 1751 846 1803 ὤσασθαι
876 1752 954 1803 καὶ
986 1748 1244 1814 ξυντεῖναι.

409 1835 468 1888 τὸ
499 1835 540 1887 δ’
570 1836 693 1902 ὑπὲρ
726 1839 919 1887 δισσῶν
947 1836 1065 1900 μίαν
1096 1834 1288 1887 ὠδίνειν

409 1919 583 1987 ψυχὴν
612 1918 839 1987 χαλεπὸν
868 1918 1043 1985 βάρος,
1077 1918 1141 1972 ὡς
1174 1919 1306 1986 κάγὼ

409 2003 552 2068 τῆσδ’
582 2004 862 2070 ὑπεραλγῶ.
1790 2007 1868 2049 260

410 2088 587 2153 βιότου
619 2086 660 2138 δ’
692 2089 910 2153 ἆτρεκεῖς
943 2086 1281 2151 ἐπιτηδεύσεις

410 2172 540 2239 φασὶ
572 2170 828 2238 σφάλλειν
859 2169 1014 2222 πλέον
1044 2166 1074 2234 ἢ
1105 2169 1302 2237 τέρπειν

407 2262 469 2327 τῇ
499 2254 543 2305 θ’
574 2255 734 2323 ὑγιείᾳ
763 2258 960 2319 μᾶλλον
992 2258 1245 2319 πολεμεῖν.

410 2340 535 2391 οὕτω
567 2339 623 2390 τὸ
653 2340 769 2390 λίαν
799 2338 964 2402 ἧσσον
995 2339 1179 2390 ἐπαινῶ

406 2428 493 2474 τοῦ
521 2425 675 2488 μηδὲν
705 2422 848 2489 ἄγαν·
1788 2429 1865 2478 265

493 2508 575 2558 καὶ
605 2505 928 2572 ξυμφήσουσι
959 2507 1119 2573 σοφοί
1143 2526 1243 2570 μοι.

253 2634 336 2672 239
363 2620 560 2671 δύστηνος
581 2620 620 2659 Ν
641 2626 683 2659 et
705 2626 813 2659 teste
838 2620 961 2660 Furia
983 2621 1020 2658 D
1038 2635 1046 2659 :
1079 2620 1275 2662 δύστανος
1296 2620 1386 2660 rell.
1532 2618 1782 2673 εἰργασάμαν
1802 2622 1836 2661 Β
1856 2637 1865 2662 :

199 2692 297 2726 ‘um‘
316 2675 407 2715 rell.
593 2688 673 2725 240
702 2677 864 2728 γνώμας
886 2675 920 2713 Β
943 2681 985 2714 et
1007 2675 1160 2714 lemma
1179 2680 1210 2719 Σ
1391 2687 1472 2724 242
1501 2677 1662 2726 τλῆμον
1683 2675 1725 2714 Μ
1742 2676 1864 2718 A2N.

202 2729 286 2770 Hic
305 2729 455 2781 incipit
475 2729 516 2769 Κ
730 2742 809 2779 243
841 2729 1025 2782 κεφαλήν
1045 2729 1084 2768 V
1098 2730 1136 2768 D
1158 2745 1167 2769 :
1197 2747 1264 2771 -αν
1284 2730 1375 2770 rell.
1572 2741 1652 2779 245
1683 2730 1805 2784 δάκρυ
1823 2732 1865 2772 l:

200 2783 350 2838 δάκρυα
368 2785 489 2824 codd.
511 2789 555 2824 et
575 2789 606 2828 Σ
760 2796 839 2833 247
869 2786 1036 2836 γνώμαν
1056 2783 1090 2822 L
1105 2783 1139 2823 P
1292 2796 1372 2834 252
1401 2784 1539 2824 πολλὰ
1559 2783 1604 2824 δὲ
1623 2784 1801 2827 διδάσκει
1821 2792 1865 2825 et

200 2839 288 2887 βίος
311 2837 391 2877 LP
556 2850 637 2889 253
667 2851 755 2889 seq.
777 2838 944 2891 μετρίαν
963 2868 972 2878 .
998 2867 1008 2876 .
1035 2869 1044 2878 .
1067 2838 1208 2890 φιλίαν
1229 2839 1395 2880 θνατοὺς
1415 2838 1525 2877 Plut.
1553 2838 1661 2878 Mor.
1685 2851 1727 2890 p.
1761 2851 1814 2890 95
1829 2840 1864 2879 Ε

200 2903 282 2942 254
311 2893 482 2946 βροτοὺς
500 2892 541 2934 V
652 2894 934 2947 ἀνακρίνασθαι
957 2891 999 2930 Μ
1020 2897 1063 2931 et
1083 2898 1184 2932 ante
1206 2906 1313 2932 corr.
1339 2893 1376 2931 V
1550 2895 1631 2942 256
1659 2894 1814 2946 θέλγητ
1840 2912 1865 2935 α

201 2945 454 2990 Plutarchus
521 2952 523 2954 ’
619 2949 699 2990 262
729 2948 830 3002 φημὶ
853 2947 989 2988 Kurtz
1012 2946 1131 3001 (φασὶ
1151 2947 1202 3000 Σ)
1368 2947 1449 2998 265
1480 2959 1560 2988 om.
1587 2948 1651 2987 L:
1678 2949 1774 2988 add.
1836 2946 1854 2973 ²
