2118 3366
944 119 1384 168 ΕΥΡΙΠΙΔΟΥ

452 250 712 317 χαίροντες
744 248 1116 317 εὐφραίνοισθε·
1163 248 1243 299 καὶ
1273 248 1356 300 σοὶ
1383 245 1491 313 μέν,
1523 246 1660 306 πόσι,

453 332 642 399 γυναῖκ’
673 333 883 400 ἀρίστην
915 332 1025 384 ἔστι
1057 330 1310 397 κομπάσαι
1338 336 1539 397 λαβεῖν,

452 417 567 480 ὑμῖν
596 415 666 474 δέ,
699 420 886 474 παῖδες,
919 415 1104 481 μητρὸς
1134 414 1481 482 ἐκπεφυκέναι.
1921 430 1998 470 325

331 503 421 551 Xo.
455 497 645 565 θάρσει·
691 498 787 566 πρὸ
816 498 990 550 τούτου
1020 501 1118 565 γὰρ
1145 498 1316 565 λέγειν
1346 498 1440 566 οὐχ
1470 498 1662 562 ἅζομαι·

456 581 631 649 δράσει
660 581 781 640 τάδ’,
815 583 952 648 εἴπερ
981 581 1048 646 μὴ
1080 586 1278 657 φρενῶν
1307 581 1593 647 ἁμαρτάνει.

333 645 599 729 ΑδῘέσται
628 664 732 716 τάδ’
764 664 922 723 ἔσται,
956 664 1022 729 μὴ
1053 660 1252 736 τρέσῃς·
1299 665 1407 716 ἐπεὶ
1439 665 1488 715 σ’
1523 666 1621 732 ἐγὼ

421 732 429 767 ³
459 749 537 800 καὶ
570 749 736 813 ζῶσαν
766 748 906 816 εἶχον
938 749 1018 800 καὶ
1048 748 1252 800 θανοῦσ’
1287 748 1377 813 ἐμὴ
1409 748 1530 815 γυνὴ

457 834 583 898 μόνη
617 831 853 904 κεκλήσῃ,
889 832 1052 886 κοῦτις
1083 833 1193 883 ἀντὶ
1224 837 1317 883 σοῦ
1346 854 1466 884 ποτε
1925 849 2003 888 330

415 944 418 946 >
457 916 590 968 τόνδ’
619 916 775 983 ἄνδρα
803 916 971 982 νύμφη
1005 917 1270 969 Θεσσαλὶς
1299 916 1721 983 προσφθέγξεται.

459 1001 545 1052 οὐκ
575 1001 714 1052 ἔστιν
746 1001 898 1053 οὕτως
928 1001 1041 1052 οὔτε
1072 1000 1258 1067 πατρὸς
1288 1000 1516 1067 εὐγενοῦς

459 1085 560 1136 οὔτ’
593 1085 721 1138 εἶδος
750 1083 918 1138 ἄλλως
949 1083 1322 1150 ἐκπρεπεστάτη
1353 1083 1506 1153 γυνή.1

460 1168 573 1222 ἃλις
604 1171 657 1220 δὲ
686 1169 891 1221 παίδων·
938 1168 1081 1220 τῶνδ’
1112 1171 1288 1233 ὄνησιν
1321 1169 1528 1237 εὔχομαι

464 1257 594 1306 θεοῖς
625 1252 878 1319 γενέσθαι·
928 1257 1020 1303 σοῦ
1048 1254 1144 1319 γὰρ
1175 1253 1262 1304 οὐκ
1291 1251 1537 1317 ὠνήμεθα.
1928 1269 2005 1308 335

464 1339 588 1388 οἴσω
620 1340 673 1389 δὲ
702 1336 882 1390 πένθος
911 1336 998 1387 οὐκ
1027 1335 1227 1400 ἐτήσιον
1257 1336 1314 1388 τὸ
1346 1338 1456 1396 σόν,

463 1420 581 1473 ἀλλ’
613 1421 720 1473 ἔστ’
752 1420 814 1473 ἂν
843 1421 964 1472 αἰὼν
995 1419 1144 1485 οὑμὸς
1172 1420 1375 1492 ἀντέχῃ,
1406 1421 1568 1489 γύναι,

465 1511 664 1572 στυγῶν
694 1508 785 1570 μὲν
816 1505 849 1569 ἥ
876 1505 925 1569 μ’
958 1505 1161 1564 ἔτικτεν,
1196 1505 1442 1572 ἐχθαίρων
1472 1505 1516 1556 δ’
1546 1503 1667 1570 ἐμὸν

465 1589 670 1656 πατέρα·
714 1590 851 1658 λόγῳ
883 1591 979 1656 γὰρ
1009 1588 1144 1653 ἦσαν
1172 1589 1261 1640 οὐκ
1291 1588 1418 1658 ἔργῳ
1451 1573 1652 1666 φίλοιὲόἶ

468 1674 531 1725 σὺ
563 1674 606 1725 δ’
637 1675 905 1725 ἀντιδοῦσα
935 1677 1022 1738 τῆς
1051 1675 1171 1738 ἐμῆς
1201 1675 1262 1724 τὰ
1293 1675 1514 1739 φίλτατα
1550 1658 1575 1669 ⁸
1931 1688 2011 1729 340

466 1761 637 1825 ψυχῆς
669 1758 885 1810 ἔσωσας.
975 1756 1071 1823 ἆρά
1099 1779 1183 1822 μοι
1214 1756 1411 1809 στένειν
1440 1755 1573 1823 πάρα

467 1841 658 1893 τοιᾶσδ’
690 1840 1022 1908 ἁμαρτάνοντι
1054 1842 1266 1908 συζύγου
1298 1841 1471 1901 σέθεν,·

467 1927 644 1978 παύσω
675 1928 728 1977 δὲ
759 1926 949 1990 κώμους
980 1931 1248 1991 συμποτῶν
1279 1925 1323 1976 θ’
1354 1927 1552 1990 ὁμιλίας

469 2009 752 2076 στεφάνους
780 2031 834 2062 τε
862 2009 1056 2075 μοῦσάν
1087 2009 1130 2061 θ’
1160 2008 1190 2074 ἢ
1224 2009 1409 2077 κατεῖχ’
1441 2009 1586 2075 ἐμοὺς
1617 2010 1810 2074 δόμους.

469 2094 525 2145 οὐ
556 2093 651 2161 γάρ
681 2094 790 2146 ποτ’
822 2094 922 2145 οὔτ’
954 2093 1015 2146 ἂν
1045 2094 1295 2161 βαρβίτου
1328 2093 1511 2160 θίγοιμ’
1543 2094 1616 2145 ἔτι
1934 2109 2012 2149 345

471 2178 572 2229 οὔτ’
602 2177 662 2230 ἂν
694 2178 835 2245 φρέν’
869 2177 1111 2244 ἐξαίροιμι
1140 2177 1263 2244 πρὸς
1291 2179 1455 2243 Λίβυν
1484 2183 1658 2229 λακεῖν

473 2262 644 2314 αὐλόν·
692 2263 755 2314 σὺ
784 2261 879 2329 γάρ
907 2284 1002 2327 μου
1031 2262 1211 2329 τέρψιν
1242 2260 1435 2326 ἐξείλου
1467 2263 1600 2327 βίου.

471 2353 611 2419 σοφῇ
641 2349 693 2398 δὲ
721 2348 854 2415 χειρὶ
883 2347 1127 2398 τεκτόνων
1157 2345 1306 2411 δέμας
1334 2346 1391 2397 τὸ
1421 2345 1516 2397 σὸν

474 2433 703 2482 εἰκασθὲν
735 2433 788 2482 ἐν
817 2430 1101 2497 λέκτροισιν
1133 2428 1472 2494 ἐκταθήσεται,

474 2513 510 2584 ᾧ
544 2519 927 2581 προσπεσοῦμαι
959 2515 1038 2566 καὶ
1067 2515 1422 2582 περιπτύσσων
1450 2513 1602 2581 χέρας
1937 2527 2018 2569 350

474 2601 633 2664 ὄνομα
665 2604 828 2651 καλῶν
860 2598 954 2650 σὸν
983 2598 1074 2663 τὴν
1105 2600 1263 2665 φίλην
1294 2601 1348 2650 ἐν
1378 2597 1620 2664 ἀγκάλαις

475 2682 603 2747 δόξω
634 2688 843 2750 γυναῖκα
875 2684 1047 2749 καίπερ
1080 2683 1167 2734 οὐκ
1198 2683 1331 2750 ἔχων
1360 2681 1514 2749 ἔχειν·

476 2769 681 2835 ψυχρᾶν
710 2767 820 2833 μέν,
852 2768 1002 2832 οἶμαι,
1038 2766 1234 2834 τέρψιν,
1269 2766 1384 2818 ἀλλ’
1416 2767 1546 2831 ὅμως
1576 2763 1733 2832 βάρος

407 2884 488 2932 326
515 2886 593 2935 οὐχ
606 2882 900 2935 ἅζομαινΒΣι
931 2886 975 2924 οὐ
989 2883 1164 2936 χάζομαι
1180 2883 1257 2922 LP
1366 2895 1445 2932 327
1473 2884 1600 2935 ἥνπερ
1617 2913 1627 2921 .
1649 2912 1660 2922 .
1684 2910 1695 2920 .
1719 2881 1927 2936 ἁμαρτάνῃ
1943 2880 2021 2920 LP

353 2951 434 2987 329
464 2938 560 2990 ἐμὴ]
578 2941 672 2990 ἐμοῦ
688 2939 723 2977 Β
738 2939 776 2978 Ο
792 2939 831 2977 D
953 2951 1035 2988 333
1065 2937 1372 2991 ἐκπρεπεστάτη
1389 2938 1423 2976 L
1435 2938 1467 2977 P
1485 2937 1539 2987 (P
1554 2940 1598 2978 ἐκ
1612 2937 1656 2975 in
1672 2939 1774 2985 ras.)
1791 2950 1801 2975 τ
1831 2938 2019 2990 εὐπρεπε-

355 2991 487 3042 στάτη
508 2993 595 3031 VB
752 2995 834 3043 346
865 2992 1038 3046 ἐξάροιμι
1062 2993 1142 3032 LP
1160 3006 1170 3031 τ
1197 2992 1415 3031 Aoristum
1435 2997 1466 3035 Σ
1485 3005 1494 3031 :
1527 2991 1703 3045 ἐξάραιμι
1721 2990 1965 3031 Wakefield
