2118 3366
936 95 1376 144 ΕΥΡΙΠΙΔΟΥ

441 224 600 276 καίτοι
631 223 785 276 καλόν
814 222 863 290 γ’
893 221 954 275 ἂν
986 222 1118 275 τόνδ’
1149 222 1300 290 ἀγῶν’
1330 222 1581 290 ἠγωνίσω,

439 311 532 358 τοῦ
555 311 648 358 σοῦ
675 306 771 374 πρὸ
800 305 976 360 παιδὸς
1011 307 1282 365 κατθανών,
1314 305 1512 373 βραχὺς
1541 305 1596 357 δέ
1625 327 1708 357 σοι

440 388 636 442 πάντως
666 391 693 440 ὁ
720 389 898 444 λοιπὸς
930 388 991 454 ἣν
1021 390 1272 456 βιώσιμος
1299 390 1498 457 χρόνος.
1897 396 1979 447 650

440 467 592 539 [κᾶγῶ
622 473 666 524 τ’
697 472 758 525 ἂν
789 473 911 537 ἔζων
944 474 1071 540 χῆδε
1100 473 1187 525 τὸν
1215 473 1394 524 λοιπὸν
1422 474 1622 540 χρόνον,

441 557 556 607 κούκ
584 556 646 608 ἂν
673 558 912 622 μονωθεὶς
946 557 1152 609 ἔστενον
1182 562 1349 609 κακοῖς
1379 554 1549 623 ἐμοῖς.]

439 640 519 690 καὶ
545 639 643 705 μὴν
673 640 763 690 ὅσ’.
785 640 940 707 ἄνδρα
971 641 1067 708 χρὴ
1098 644 1274 692 παθεῖν
1304 641 1567 705 εὐδαίμονα

437 722 703 777 πέπονθας·
750 724 953 789 ἥβησας
984 727 1075 789 μὲν
1106 726 1160 775 ἐν
1188 725 1451 790 τυραννίδι,

437 811 552 860 παῖς
582 806 624 858 δ’
655 806 715 871 ἧν
747 808 843 875 ἐγώ
877 829 960 859 σοι
991 811 1146 859 τῶνδε
1176 807 1406 875 διάδοχος
1435 808 1616 872 δόμων,
1898 812 1978 865 655

436 890 557 942 ὥστ’
589 890 675 942 οὐκ
704 891 907 945 ἄτεκνος
941 892 1195 944 κατθανὼν
1226 891 1401 946 ἄλλοις
1430 892 1584 956 δόμον

435 976 637 1042 λείψειν
667 975 878 1040 ἔμελλες
910 974 1134 1042 ὀρφανὸν
1163 970 1450 1041 διαρπάσαι.

435 1058 492 1109 οὗ
519 1058 617 1123 μὴν
648 1061 774 1126 ἐρεῖς
803 1059 863 1127 γε’
893 1059 942 1124 μ’
975 1060 1038 1112 ὡς
1070 1058 1366 1125 ἀτιμάζοντα
1396 1059 1490 1111 σὸν

435 1146 590 1209 γῆρας
621 1146 788 1195 θανεῖν
820 1144 1122 1210 προύδωκας,
1156 1144 1296 1197 ὅστις
1326 1145 1579 1211 αἰδόφρων

435 1226 555 1293 πρὸς
587 1227 635 1277 σ’
666 1227 697 1292 ἧ
725 1227 963 1292 μάλιστα·
1013 1228 1150 1279 κάντὶ
1180 1227 1334 1279 τῶνδέ
1362 1249 1447 1293 μοι
1476 1227 1625 1299 χάριν
1898 1233 1977 1272 660

432 1310 628 1362 τοιάνδε
659 1312 736 1363 καὶ
768 1312 832 1363 σὺ
863 1313 928 1379 χὴ
960 1311 1151 1363 τεκοῦσ’
1179 1298 1514 1377 ἠλλαξάτην.Η
1588 1300 1595 1302 .

433 1397 606 1462 τοιγὰρ
639 1395 864 1462 φυτεύων
895 1400 1074 1449 παῖδας
1103 1395 1261 1447 οὐκέτ’
1293 1395 1353 1447 ἂν
1385 1395 1611 1462 φθάνοις,

433 1480 479 1530 οἳ
508 1478 953 1546 γηροβοσκήσουσι
985 1481 1064 1531 καὶ
1096 1481 1309 1531 θανόντα
1341 1502 1402 1531 σε

432 1569 785 1629 περιστελοῦσι
817 1565 895 1615 καὶ
927 1562 1263 1630 προθήσονται
1293 1565 1481 1631 νεκρόν.

431 1648 488 1699 οὐ
518 1646 612 1714 γάρ
644 1647 692 1697 σ’
723 1648 883 1715 ἔγωγε
914 1647 1018 1720 τῇδ’
1052 1649 1141 1718 ἐμῇ
1174 1647 1322 1715 θάψω
1353 1648 1480 1715 χερί·
1894 1651 1971 1701 665

431 1731 643 1796 τέθνηκα
671 1735 767 1799 γὰρ
797 1732 853 1796 δὴ
887 1732 1031 1783 τούπὶ
1060 1731 1137 1783 σέ·
1175 1733 1217 1783 εἰ
1248 1731 1289 1783 δ’
1321 1731 1479 1783 ἄλλον
1508 1731 1675 1798 τυχὼν

433 1819 655 1881 σωτῆρος
686 1816 839 1882 αὐγᾶς
871 1818 1066 1882 εἰσορῶ,
1101 1818 1263 1867 κείνου
1291 1815 1426 1883 λέγω

433 1900 511 1950 καὶ
541 1899 691 1951 παῖδά
720 1900 769 1965 μ’
801 1899 927 1951 εῖναι
960 1900 1039 1951 καὶ
1069 1902 1223 1966 φίλον
1253 1900 1583 1967 γηροτρόφον.

429 1983 590 2048 μάτην
620 1983 694 2050 ἄρ’
727 1987 772 2036 οἱ
803 1983 1033 2051 γέροντες
1066 1984 1296 2051 εὔχονται
1326 1988 1507 2042 θανεῖν,

429 2071 585 2134 γῆρας
613 2067 861 2135 ψέγοντες
893 2069 971 2119 καὶ
1000 2067 1188 2134 μακρὸν
1217 2069 1401 2135 χρόνον
1431 2069 1564 2133 βίου·
1889 2072 1973 2122 670

430 2147 492 2214 ἢν
522 2152 563 2203 δ’
595 2152 742 2218 ἐγγὺς
774 2153 894 2224 ἔλθῃ
928 2151 1153 2210 θάνατος,
1186 2151 1343 2206 οὐδεὶς
1372 2152 1613 2218 βούλεται

431 2237 679 2305 θνῄσκειν,
712 2236 769 2288 τὸ
798 2239 952 2303 γῆρας
983 2235 1024 2287 δ’
1055 2235 1211 2287 οὐκέτ’
1243 2235 1350 2287 ἔστ’
1382 2236 1546 2288 αὐτοῖς
1575 2234 1722 2301 βαρύ.

306 2321 396 2370 Χο.
429 2319 698 2371 παύσασθ’·
745 2319 857 2374 ἅλις
886 2322 983 2387 γὰρ
1013 2321 1043 2385 ἡ
1075 2325 1302 2387 παροῦσα
1332 2319 1584 2387 συμφορά·

430 2399 468 2452 ὦ
501 2409 604 2462 παῖ,
641 2403 823 2470 πατρὸς
853 2407 906 2456 δὲ
935 2405 1001 2470 μὴ
1035 2403 1315 2476 παροξύνῃς
1347 2402 1546 2470 φρένας.

357 2522 449 2569 651,
474 2522 553 2569 652
588 2521 758 2559 damnat
781 2521 975 2569 Lenting.
1045 2520 1108 2560 Cf.
1133 2533 1227 2571 295,
1250 2522 1332 2570 296
1539 2518 1633 2570 ἔζην
1655 2519 1690 2558 Β
1708 2519 1746 2558 Ο
1763 2519 1802 2557 D
1824 2525 1866 2558 et
1887 2524 1917 2563 Σ
1932 2519 1967 2557 Β

301 2578 381 2624 655
429 2574 479 2623 ἧν
518 2575 618 2628 ἐγώ]
658 2574 684 2623 ἣ
721 2577 857 2628 γεγώς
898 2575 1049 2614 Nauck
1282 2578 1377 2625 655,
1412 2576 1494 2624 656
1537 2573 1685 2627 θρόνων
1722 2586 1799 2624 pro
1837 2573 1969 2624 δόμων

304 2630 523 2669 Schmidt:
552 2630 702 2669 melius
733 2629 916 2669 fortasse
945 2628 1078 2681 λάχος
1106 2643 1182 2680 pro
1213 2629 1336 2680 δόμον
1500 2630 1579 2678 657
1610 2628 1823 2682 διαρπάσαι
1855 2628 1889 2666 L
1907 2628 1968 2667 P:

302 2684 535 2737 διαρπάσειν
563 2684 602 2723 V
619 2685 688 2723 Bl
891 2685 987 2733 658,
1018 2685 1100 2734 659
1139 2684 1385 2736 ἀτιμάζοντα
1413 2714 1423 2724 .
1457 2714 1468 2725 .
1500 2713 1511 2724 .
1544 2687 1775 2737 προύδωκας
1805 2683 1839 2720 L
1858 2682 1968 2726 ΡΣΞ

302 2738 502 2789 ἀτιμάζων
521 2741 568 2780 τὸ
592 2769 601 2778 .
625 2770 634 2779 .
661 2769 670 2778 .
693 2738 902 2791 προῦδωκά
921 2740 959 2778 σ’
973 2739 1013 2777 V
1030 2739 1065 2777 B
1189 2742 1271 2778 660
1299 2738 1345 2790 ἢ]
1362 2739 1414 2787 ἣν
1433 2740 1555 2779 codd.
1682 2740 1763 2787 665
1792 2740 1891 2784 τῆδε
1910 2738 1967 2788 μὴ

299 2793 416 2831 Weil
527 2793 719 2845 θάλψων
883 2794 1074 2831 666-668
1103 2794 1278 2833 seclusit
1296 2794 1485 2833 Badham
1648 2794 1729 2842 672
1759 2779 1965 2846 θνήσκειν]

300 2851 432 2888 θανεῖν
449 2847 482 2884 Β
595 2850 674 2897 674
705 2848 734 2888 ὦ
755 2851 830 2888 παῖ
846 2852 891 2885 ut
912 2860 936 2886 e
951 2861 988 2886 v.
1013 2855 1221 2898 sequente
1241 2849 1324 2888 huc
1346 2853 1571 2887 retractum
1588 2849 1761 2887 damnat
1777 2844 1966 2894 Elmsley

299 2901 443 2955 φρένας
463 2902 502 2941 V
519 2902 554 2940 B
574 2915 582 2940 ε
611 2900 738 2957 φρένα
760 2901 793 2940 L
811 2900 845 2940 P
