2118 3366
882 137 1324 187 ΕΥΡΙΠΙΔΟΥ

389 269 644 335 πρόθυμον
678 266 774 336 εἶχ’
805 267 1075 334 ὀφθαλμὸν
1105 269 1177 321 εἷς
1204 265 1431 320 Ἰάσονα·

386 352 558 404 ἔπειτα
588 349 762 416 μέντοι
796 350 1177 418 προῦκαλύψατ’
1210 352 1408 416 ὄμματα

386 433 569 499 λευκήν
599 433 642 486 τ’
675 433 963 501 ἀπέστρεψ’
997 435 1215 499 ἔμπαλιν
1244 434 1475 501 παρηίδα,

389 519 578 570 παίδων
607 517 919 586 μυσαχθεῖσ’
953 518 1196 571 εἰσόδους·
1242 519 1393 571 πόσις
1421 520 1476 569 δὲ
1509 516 1601 571 σὸς

388 600 540 670 ὀργάς
571 601 614 653 τ’
646 603 834 673 ἀφῄρει
867 601 951 652 καῖ
978 602 1140 669 χόλον
1169 600 1392 655 νεάνιδος
1837 617 1943 656 1150

388 685 557 753 λέγων
586 684 729 737 τάδ’·’
760 685 837 736 Οὐ
867 684 934 750 μὴ
966 683 1213 750 δυσμενὴς
1244 685 1339 756 ἔσῃ
1371 686 1558 752 φίλοις,

389 770 559 841 παύσῃ
589 771 642 821 δὲ
676 773 832 834 θυμοῦ
864 769 944 820 καὶ
974 767 1131 820 πάλιν
1163 768 1403 836 στρέψεις
1435 768 1575 835 κάρα,

389 855 570 920 φίλους
601 852 859 918 νομίζουσ’
892 853 1084 919 οὕσπερ
1114 851 1174 904 ἂν
1205 853 1357 906 πόσις
1388 851 1554 910 σέθεν,

390 936 506 1009 δέξῃ
538 940 592 989 δὲ
624 941 757 1003 δῶρα
790 937 872 988 καὶ
904 935 1189 1008 παραιτήσῃ
1221 936 1405 1003 πατρὸς
2114 973 2118 1026 ¹

368 1065 369 1068 ,
499 1023 556 1074 ὰς
588 1022 796 1087 ἀφεῖναι
829 1021 976 1073 παισὶ
1007 1020 1180 1078 τοῖσδ’,
1214 1020 1337 1085 ἐμὴν
1367 1019 1540 1088 χάριν;
1835 1034 1943 1074 1155

337 1059 348 1218 φ
471 1099 502 1164 ἢ
534 1100 577 1151 δ’
610 1100 675 1154 ὧς
706 1103 871 1153 ἐσεῖδε
903 1102 1110 1166 κόσμον,
1144 1102 1231 1154 οὐκ
1262 1101 1527 1170 ἠνέσχετο,

391 1186 507 1239 ἀλλ’
538 1185 678 1258 ᾔνεσ’
712 1186 853 1253 ἀνδρὶ
886 1185 1066 1244 πάντα,
1103 1186 1183 1237 καὶ
1214 1187 1327 1252 πρὶν
1360 1188 1413 1237 ἐκ
1443 1188 1608 1252 δόμων

391 1273 583 1337 μακρὰν
615 1271 815 1322 ἀπεῖναι
848 1269 1040 1337 πατέρα
1073 1270 1152 1320 καὶ
1183 1273 1378 1329 παῖδας,
1411 1268 1600 1336 [σέθεν]

392 1360 631 1420 λαβοῦσα
662 1353 889 1407 πέπλους
921 1355 1182 1406 ποικίλους
1210 1353 1518 1422 ἠμπέσχετο,

393 1443 613 1507 χρυσοῦν
645 1460 699 1490 τε
731 1442 879 1490 θεῖσα
914 1437 1175 1504 στέφανον
1205 1437 1335 1504 ἀμφὶ
1363 1439 1674 1507 βοστρύχοις
1841 1443 1946 1482 1160
2114 1468 2118 1488 ι

393 1527 604 1592 λαμπρῷ
641 1523 899 1591 κατόπτρῳ
937 1523 1298 1590 σχηματίζεται
1331 1522 1501 1587 κόμην,

395 1607 599 1675 ἄψυχον
632 1607 744 1658 εἰκὼ
779 1611 1127 1672 προσγελῶσα
1158 1606 1404 1670 σώματος.

398 1690 584 1743 κᾶπειτ’
618 1690 869 1743 ἀναστᾶσ’
906 1692 959 1741 ἐκ
992 1691 1185 1757 θρόνων
1215 1689 1464 1758 διέρχεται

398 1774 599 1842 στέγας,
634 1775 798 1842 ἁβρὸν
831 1775 1088 1840 βαίνουσα
1117 1774 1383 1844 παλλεύκῳ
1412 1776 1545 1834 ποδί,
2116 1835 2118 1839 ,

397 1860 571 1926 δώροις
600 1859 994 1927 ὑπερχαίρουσα,
1030 1860 1200 1910 πολλὰ
1230 1858 1477 1912 πολλάκις
1842 1863 1948 1914 1165
2111 1842 2118 1925 ξ

396 1942 587 1995 τένοντ’
621 1945 672 1997 ἐς
703 1943 854 2010 ὀρθὸν
887 1946 1081 2008 ὄμμασι
1112 1941 1443 2007 σκοπουμένη.
2114 1931 2118 1948 ¹

398 2026 659 2079 τούνθένδε
690 2027 864 2092 μέντοι
897 2026 1060 2079 δεινὸν
1091 2026 1152 2091 ἧν
1182 2025 1322 2091 θέαμ’
1356 2028 1493 2078 ἰδεῖν·

398 2113 576 2179 χροιὰν
606 2113 702 2178 γὰρ
736 2110 1011 2175 ἀλλάξασα
1040 2112 1223 2179 λεχρία
1251 2110 1407 2163 πάλιν

400 2200 557 2263 χωρεῖ
583 2194 837 2262 τρέμουσα
871 2200 1009 2246 κῶλα
1041 2196 1121 2247 καὶ
1150 2196 1298 2260 μόλις
1329 2194 1512 2261 φθάνει
1537 2258 1546 2269 y

402 2280 657 2346 θρόνοισιν
690 2282 988 2345 ἐμπεσοῦσα
1017 2279 1084 2344 μὴ
1116 2280 1274 2347 χαμαὶ
1306 2268 1549 2370 veo-(Q)
1850 2292 1955 2336 1170

405 2366 490 2415 καί
515 2385 590 2417 τις
621 2366 796 2430 γεραιὰ
829 2365 1157 2429 προσπόλων,
1191 2362 1382 2428 δόξασα
1411 2384 1506 2414 που

403 2444 432 2511 ἢ
465 2447 637 2501 Πανὸς
669 2449 822 2515 ὀργὰς
854 2445 885 2511 ἤ
917 2469 1053 2502 τινος
1086 2450 1213 2499 θεῶν
1243 2453 1434 2512 μολεῖν,

338 2578 443 2615 1150
485 2566 555 2605 Sic
592 2565 704 2604 LP:
747 2567 786 2606 τ’
821 2579 904 2605 om.
945 2566 1006 2605 B:
1053 2565 1176 2618 ὀργὰς
1210 2563 1353 2619 ἆφῇρει
1387 2566 1453 2605 καὶ
1487 2563 1665 2605 νεάνιδος
1699 2563 1833 2616 χόλον
1867 2563 1956 2604 AV

285 2622 389 2669 1156
427 2623 477 2661 ὡς
510 2620 619 2659 LP:
663 2621 714 2661 ὥς
743 2620 779 2660 τ’
813 2619 880 2658 A:
926 2618 1026 2661 ὥστ’
1056 2620 1147 2658 VB
1351 2621 1457 2668 1158
1498 2622 1642 2660 παῖδας
1671 2618 1790 2660 σέθεν
1821 2619 1958 2658 BPI:

279 2673 405 2715 τέκνα
434 2673 553 2716 σέθεν
572 2674 691 2713 AV:
734 2673 853 2715 σέθεν
880 2688 962 2715 om.
993 2675 1027 2713 L
1049 2681 1104 2725 et,
1135 2681 1182 2713 ut
1207 2674 1390 2721 videtur,
1418 2678 1473 2717 Σε
1513 2673 1717 2713 videntur
1745 2679 1788 2712 et
1816 2677 1960 2715 παῖδας

282 2735 324 2767 et
359 2728 483 2770 τέκνα
519 2730 779 2780 glossemata
814 2742 911 2769 esse
946 2729 1040 2769 eius
1070 2729 1186 2779 quod
1223 2729 1368 2779 Eurip.
1406 2729 1628 2778 scripserit
1662 2731 1718 2775 (e.
1733 2741 1772 2778 g.
1807 2731 1960 2777 διπλῆν

283 2785 437 2836 σπορὰν
456 2786 523 2823 vel
545 2784 673 2837 κόρων
690 2782 812 2836 ζυγόν
825 2785 893 2822 vel
914 2783 1186 2835 παιδεύματα)
1204 2797 1214 2822 z
1245 2785 1311 2825 καὶ
1331 2782 1458 2831 τέκν’,
1475 2782 1631 2834 ἀσμένη
1654 2783 1961 2822 Stadtmuener

287 2850 391 2887 1159
420 2839 657 2891 ἠμπίσχετο
680 2837 872 2888 Elmsley
893 2839 959 2890 (et
981 2839 1122 2878 Haun.
1148 2844 1248 2877 ante
1269 2839 1402 2886 corr.)
1551 2839 1653 2876 1161
1685 2836 1832 2890 κόμην]
1842 2837 1962 2887 δέμας

281 2893 347 2931 V:
378 2906 487 2932 corr.
511 2907 538 2932 v
747 2895 851 2931 1162
879 2910 944 2946 γρ.
969 2892 1290 2946 προσβλέπουσα
1309 2892 1390 2936 ΣΒ
1589 2894 1693 2943 1167
1723 2894 1962 2933 τούντεῦθεν

285 2946 359 2999 μέν
378 2964 442 2988 τοι
464 2947 503 2986 Α
713 2959 730 2985 1
742 2948 819 2986 168
848 2948 999 3000 λεχρία
1017 2947 1058 2986 Α
1072 2948 1107 2986 Β
1124 2948 1158 2986 L
1173 2947 1207 2986 P
1219 2952 1250 2990 Σ
1267 2961 1275 2985 :
1307 2946 1479 3001 λεχρίαν
1497 2946 1539 2986 V
1737 2948 1843 2997 1169
1870 2945 1960 3000 τρέ-

288 3018 422 3054 χουσα
442 3002 475 3040 L
491 3003 525 3040 P
698 3014 801 3051 1172
829 3003 855 3051 ἢ
876 3006 977 3043 θεῶν
997 3003 1160 3056 Μητρὸς
1182 3002 1356 3041 Usener
