2118 3366
831 151 1276 199 ΕΥΡΙΠΙΔΟΥ

338 279 582 346 ἐξέλθετ’,
606 280 914 334 ἀσπάσασθε
943 282 1025 333 καὶ
1055 283 1361 348 προσείπατε
1688 347 1691 351 ἱ
1804 289 1882 339 895

337 365 528 433 πατέρα
555 365 663 431 μεθέ
694 366 849 430 ἡμῶν,
885 366 965 416 καὶ
996 364 1326 432 ὃιαλλάχθηθ’
1356 364 1458 430 ἅμα

338 452 426 514 τῆς
455 450 675 516 πρόσθεν
708 449 890 516 ἔχθρας
920 450 971 501 ἐς
1003 450 1184 515 φίλους
1212 448 1397 514 μητρὸς
1425 447 1566 512 μέτα·

339 533 553 584 σπονδαὶ
583 534 678 599 γὰρ
708 532 826 597 ἡμῖν
858 533 938 583 καὶ
965 531 1274 597 μεθέστηκεν
1303 532 1477 598 χόλος.

337 616 566 681 λάβεσθε
596 615 763 684 χειρὸς
794 613 975 678 δεξιᾶς·
1020 617 1168 679 οἴμοι,
1203 620 1364 665 κακῶν

338 700 403 753 ὡς
433 701 696 764 ἐννοοῦμαι
725 697 783 762 δή
815 721 862 750 τι
891 704 989 750 τῶν
1022 697 1377 764 κεκρυμμένων.
1803 717 1887 756 900

337 783 429 851 ἆρ’,
464 781 501 833 ὦ
531 783 679 842 τέκν’,
715 783 840 834 οὕτω
874 782 953 833 καὶ
981 781 1141 833 πολὺν
1176 783 1350 845 ζῶντες
1379 783 1566 849 χρόνον

339 868 495 935 φίλην
526 864 711 934 ὀρέξετ’
742 865 960 931 ὠλένην,·
1006 865 1198 917 τάλαιν’
1230 866 1344 932 ἐγώ,

339 953 405 1005 ὡς
435 951 727 1018 ἀρτίδακρύς
757 952 858 1015 εἶμι
888 950 969 1001 καὶ
999 950 1170 1017 φόβου
1202 949 1347 1001 πλέα.

336 1036 501 1104 χρόνῳ
533 1038 587 1086 δὲ
616 1040 779 1088 νεῖκος
807 1033 993 1100 πατρὸς
1026 1032 1345 1100 ἐξαιρουμένη

337 1122 462 1187 ὄψιν
491 1118 715 1185 τέρειναν
744 1117 879 1183 τήνδ’
912 1118 1113 1182 ἔπλησα
1143 1091 1437 1202 ὃακρύωνΔ
1806 1134 1887 1175 905

212 1209 305 1256 Χο.
340 1204 485 1269 κάμοὶ
518 1203 619 1255 κατ’
651 1205 825 1254 ὄσσων
855 1202 1059 1270 χλωρὸν
1090 1200 1290 1268 ὡρμήθη
1323 1190 1488 1269 δάκρυ·
1824 1204 1827 1206 ’

341 1289 420 1340 καὶ
451 1287 516 1352 μὴ
549 1288 769 1355 προβαίη
801 1287 969 1351 μεῖζον
1000 1282 1029 1349 ὴ
1059 1285 1117 1336 τὸ
1148 1291 1234 1337 νῦν
1267 1287 1433 1337 κακόν.

215 1378 284 1424 Ia.
335 1374 473 1430 αἰνῶ,
507 1373 668 1438 γύναι,
702 1370 823 1429 τάδ’,
859 1369 959 1421 οὐδ’
993 1372 1157 1421 ἐκεῖνα
1186 1369 1463 1437 μέμφομαι·

341 1456 469 1510 εἰκὸς
500 1458 595 1522 γὰρ
626 1456 778 1522 ὀργὰς
810 1458 936 1519 θῆλυ
967 1458 1219 1506 ποιεῖσθαι
1250 1453 1395 1520 γένος

340 1535 541 1607 ’Ϋγάμου
571 1544 995 1606 παρεμπολῶντος
1026 1538 1237 1589 ἀλλοίου
1267 1533 1468 1589 πόσειῘΫ
1698 1549 1700 1552 ⁴
1807 1554 1890 1595 910

341 1624 458 1675 ἀλλ’
492 1626 542 1677 ἐς
571 1624 628 1675 τὸ
657 1628 792 1692 λῷον
822 1622 918 1674 σὸν
948 1621 1254 1687 μεθέστηκεν
1287 1621 1418 1689 κέαρ,

341 1708 498 1775 ἔγνως
528 1711 582 1759 δὲ
613 1707 702 1771 τὴν
734 1712 969 1766 νικῶσαν,
1003 1707 1138 1757 ἀλλὰ
1169 1711 1235 1775 τῷ
1266 1707 1448 1776 χρόνῳ,

340 1791 551 1858 βουλήν·
600 1791 831 1859 γυναικὸς
861 1791 983 1857 ἔργα
1012 1796 1166 1841 ταῦτα
1196 1791 1476 1858 σώφρονος.

339 1878 454 1941 ὑμῖν
484 1876 554 1935 δέ,
587 1880 774 1934 παῖδες,
806 1875 891 1926 οὐκ
925 1876 1272 1942 ἀφροντίστως
1304 1875 1464 1941 πατὴρ

341 1960 539 2024 πολλὴν
571 1961 716 2024 ἔθηκε
748 1960 843 2011 σὺν
873 1963 1005 2012 θεοῖς
1037 1960 1302 2025 σωτηρίαν·
1809 1975 1888 2014 915

344 2045 479 2110 οἶμαι
509 2047 604 2111 γὰρ
633 2046 759 2109 ὑμᾶς
788 2047 943 2108 τῆσδε
974 2047 1065 2110 γῆς
1097 2044 1360 2109 Κορινθίας
1619 2041 1622 2043 ’

342 2130 402 2180 τὰ
432 2128 582 2195 πρῶτ’
615 2128 825 2179 ἔσεσθαι
856 2127 951 2179 σὺν
984 2126 1300 2194 κασιγνήτοις
1329 2127 1418 2178 ἔτι.

342 2212 457 2264 ἀλλ’
489 2211 783 2276 αὐξάνεσθε·
828 2211 994 2263 τᾶλλα
1023 2211 1064 2263 δ’
1098 2210 1410 2278 ἐξεργάζεται

343 2295 503 2362 πατήρ
534 2319 589 2348 τε
621 2298 699 2348 καὶ
730 2300 855 2348 θεῶν
885 2298 1027 2350 ὅστις
1059 2297 1199 2347 ἐστὶν
1230 2294 1451 2360 εὐμενής·

342 2384 495 2446 ’ίὸοιμι
525 2380 567 2431 δ’
597 2383 721 2446 ὑμᾶς
754 2380 1016 2447 εὐτραφεῖς
1043 2381 1176 2445 ἥβης
1204 2378 1351 2432 τέλος
1806 2394 1890 2434 920

271 2511 352 2549 905
383 2497 566 2551 τέρειναν
582 2498 747 2536 Barnes
768 2512 777 2535 ε
806 2498 991 2550 τερεινήν
1013 2497 1136 2536 codd.
1159 2495 1359 2550 (τερείνην
1374 2494 1446 2546 Α).
1506 2493 1569 2533 Cf.
1588 2493 1890 2532 Anacreontea

217 2565 283 2602 53·
306 2567 330 2591 2
502 2554 586 2602 906
613 2552 796 2605 χλωρὸν]
822 2553 966 2605 θερμὸν
986 2552 1086 2591 Chr.
1114 2552 1203 2590 Pat.
1228 2564 1336 2600 479:
1364 2566 1430 2603 γρ.
1453 2550 1597 2602 θερμὸν
1616 2549 1695 2591 ΣΒ
1721 2548 1887 2600 (secun-

218 2609 317 2646 dum
339 2607 579 2653 Schwartz)
802 2619 882 2656 907
913 2606 1071 2657 μεῖζον]
1091 2610 1256 2655 μᾶσσον
1275 2604 1412 2643 Cobet
1566 2604 1614 2643 τὸ
1635 2602 1724 2654 νῦν]
1749 2603 1801 2643 τὰ
1821 2605 1890 2643 νῦν

219 2662 411 2711 Elmsley
586 2663 669 2711 908
711 2661 810 2712 οὐδ’]
844 2664 914 2701 οὐκ
945 2663 979 2699 Α
1001 2662 1032 2699 L
1063 2667 1105 2700 et
1135 2660 1216 2701 οὐδ’
1243 2673 1297 2697 ex
1328 2661 1399 2699 οὐκ
1431 2663 1665 2696 correctum
1696 2657 1823 2706 habet
1851 2657 1886 2694 B

218 2730 301 2767 910
338 2717 470 2769 γάμου
497 2748 506 2756 .
529 2747 538 2756 .
565 2746 573 2756 .
602 2717 772 2757 ἀλλοίου
800 2716 839 2754 V
870 2716 978 2768 (tum
1007 2715 1160 2767 γάμους
1187 2715 1255 2765 V¹‚
1292 2714 1483 2754 ἀλλοίους
1511 2717 1582 2762 v):
1620 2711 1772 2764 ’γάμους
1795 2741 1805 2750 .
1836 2740 1845 2749 .
1873 2740 1885 2750 .

219 2772 407 2812 ἀλλοίους
423 2771 512 2811 rell.
529 2777 570 2813 Σ.
616 2772 746 2822 (ἰδίως
762 2769 807 2811 δὲ
824 2773 955 2823 εἴρηκε
971 2771 1114 2810 πόσει
1132 2771 1221 2810 ἀντὶ
1237 2772 1311 2810 τοῦ
1330 2768 1513 2808 πόσιος.
1561 2769 1599 2807 οἵ
1618 2766 1663 2807 δὲ
1680 2766 1887 2822 ὑποκριταὶ

219 2827 497 2878 ἀγνοήσαντες
530 2825 759 2879 γράφουσιν
793 2826 881 2865 ἀντὶ
915 2828 988 2865 τοῦ
1021 2824 1166 2865 πόσει
1205 2822 1350 2874 ἐμοῦ.)
1412 2822 1667 2872 Corruptela
1699 2821 1887 2870 Didymo

217 2879 441 2930 antiquior.
500 2884 844 2934 παρεμπολῶντας
866 2911 875 2919 .
897 2911 905 2919 .
931 2910 940 2919 .
961 2879 1102 2919 πόσεις
1122 2878 1289 2928 Tyrrell
1466 2890 1542 2925 911
1576 2875 1829 2924 καθέστηκεν
1847 2875 1888 2913 Α

218 2949 300 2986 912
329 2937 386 2987 τῷ
407 2935 440 2972 L
454 2935 488 2973 P
503 2936 538 2973 B
552 2949 578 2973 v
595 2950 605 2974 :
635 2938 705 2975 νῦν
723 2934 838 2972 AV:
871 2935 947 2974 σὺν
965 2933 1193 2972 Wecklein
1391 2944 1473 2982 913
1503 2930 1679 2970 seclusit
1700 2930 1889 2978 Lenting

219 3002 299 3041 915
330 2990 532 3043 σωτηρίαν
553 2990 588 3028 L
602 2990 636 3028 P
655 3003 664 3027 ε
683 2982 916 3042 ’προμηθίαν
933 2987 974 3026 Α
986 2988 1026 3026 V
1039 2988 1074 3026 B
1273 3005 1275 3007 >
1394 3003 1402 3005 ’-
