2118 3366
812 142 814 144 ’
872 133 1191 182 ΜΗΔΕΙΑ

326 260 479 313 πόσιν
509 261 779 327 πρίασθαι,
798 261 1049 326 δεσπότην
1078 283 1133 314 τε
1162 262 1395 327 σώματος

242 360 267 387 2
325 348 525 410 λαβεῖν·
575 349 729 396 κακοῦ
751 344 1008 411 γὰρ’τοΰτ’
1041 345 1110 397 ἔτ’
1140 344 1319 412 ἄλγιον
1351 346 1516 398 κακόν.
1575 369 1596 374 ’·

326 428 416 479 κάν
445 427 558 498 τῷδ’
588 428 724 495 ἀγὼν
753 427 1007 495 μέγιστος,
1040 424 1071 493 ἢ
1102 428 1251 480 κακὸν
1279 433 1464 494 λαβεῖν
1595 453 1597 455 ’
1731 472 1733 474 .
1790 445 1869 486 235

324 506 355 575 ἢ
385 511 624 579 χρηστόν.
712 511 769 563 οὐ
799 514 894 578 γὰρ
927 513 1144 566 εὐκλεεῖς
1173 512 1474 579 (ἷιπαλλαγαὶ>
1732 510 1737 513 ”

327 594 565 661 γυναιξίν,
586 594 700 646 οὐδ’
732 596 838 648 οἶόν
867 595 910 646 τ’
941 595 1220 661 ἀνήνασθαι
1250 597 1421 648 πόσιν.

327 680 380 733 ἐς
409 681 553 731 καινὰ
582 678 624 730 δ’
653 678 748 744 ἤθη
781 679 860 731 καὶ
887 681 1068 745 νόμους
1097 678 1382 747 ἀφιγμένην

329 765 408 814 δεῖ
431 762 607 828 μάντιν
637 763 778 821 εἶναι,
810 763 876 829 μὴ
906 767 1166 829 μαθοῦσαν
1197 764 1407 823 οἴκοθεν,

328 846 424 915 ὅτῳ
453 845 676 911 μάλιστα
704 846 950 915 χρήσεται
978 845 1256 919 ξυνευνέτῃ.
1490 872 1493 875 ·
1539 873 1541 875 ’
1662 872 1665 874 ·
1695 849 1708 877 ”
1794 863 1873 903 240

330 929 421 981 κᾶν
447 933 540 995 μὲν
569 929 676 982 τάδ’
705 931 822 996 ἡμῖν
853 931 1292 997 ἐκπονουμέναισιν
1323 930 1375 983 εὖ
1428 934 1446 959 ⁵
1630 921 1635 925 μ
1858 937 1860 940 ’

329 1014 479 1070 πόσις
508 1013 710 1087 ξυνοικῇ
738 1014 805 1080 μὴ
836 1016 928 1084 βίᾳ
959 1014 1128 1083 φέρων
1162 1015 1322 1083 ζυγόν,

331 1097 549 1163 ζηλωτὸς
579 1099 717 1151 αἰών·
765 1101 809 1150 εἰ
839 1102 893 1151 δὲ
922 1098 1006 1165 μή,
1040 1104 1208 1152 θανεῖν
1237 1098 1416 1167 χρεών.

330 1181 455 1249 ἀνὴρ
484 1181 544 1241 δ’,
578 1183 698 1234 ὅταν
726 1188 831 1236 τοῖς
862 1182 1003 1235 ἔνδον
1033 1183 1248 1252 ἄχθηται
1277 1182 1500 1248 ξυνών,.’>

330 1264 424 1331 ἔξω
454 1268 625 1332 μολὼν
655 1266 846 1319 ἔπαυσε
876 1269 1077 1334 καρδίαν
1106 1267 1249 1333 ἄσης·
1755 1320 1757 1323 ,
1796 1282 1872 1321 245

330 1345 378 1416 [ἢ
409 1349 530 1418 πρὸς
561 1351 715 1418 φίλον
744 1350 836 1403 τιν’
866 1347 897 1415 ἢ
928 1352 1050 1418 πρὸς
1080 1352 1228 1416 ἥλικα
1257 1348 1510 1419 τραπείς·]-
1566 1388 1569 1389 ⁷
1614 1366 1617 1394 ἰ
1646 1388 1651 1391 -
1698 1371 1706 1393 1
1738 1392 1743 1399 ,

329 1434 446 1500 ἡμῖν
476 1434 519 1486 δ’
550 1434 751 1502 ἀνάγκη»
772 1435 895 1502 πρὸς
923 1436 1042 1500 μίαν
1070 1434 1245 1503 ψυχὴν
1274 1434 1523 1501 βλέπειν»

330 1517 540 1586 λέγουσι
571 1518 613 1571 δ’
643 1519 772 1584 ἡμᾶς
803 1519 868 1572 ὣς
898 1520 1158 1572 ἀκίνδυνον
1187 1520 1305 1585 βίον
1728 1579 1729 1582 ¹

333 1603 490 1668 ζῶμεν
522 1602 624 1655 κατ’
656 1605 834 1663 οἴκους,
869 1604 915 1655 οἳ
946 1605 999 1655 δὲ
1028 1603 1301 1671 μάρνανται
1330 1603 1453 1669 δορί·
1579 1668 1583 1676 ⁴

334 1692 492 1741 κακῶς
522 1692 837 1754 φρονοῦντες·
885 1687 950 1741 ὡς
979 1689 1083 1754 τρὶς
1114 1687 1175 1739 ἂν
1205 1687 1318 1754 παρ’
1349 1687 1537 1744 ἀσπίδα
1637 1735 1640 1737 ,
1738 1739 1741 1746 2
1795 1701 1875 1740 250

332 1774 513 1836 στῆναι
542 1771 732 1838 θέλοιμ’
762 1771 824 1823 ἂν
852 1776 1051 1836 μᾶλλον
1081 1768 1110 1836 ἢ
1141 1776 1302 1828 τεκεῖν
1332 1768 1480 1833 ἅπαξ.
1547 1808 1549 1810 -

416 1855 533 1908 ἀλλ’
564 1855 621 1908 οὗ
649 1857 744 1923 γὰρ
775 1855 920 1910 αὐτὸς
950 1855 1072 1922 πρὸς
1103 1858 1165 1907 σὲ
1198 1854 1307 1921 κᾶμ’
1337 1855 1445 1919 ἥκει
1473 1854 1650 1920 λόγος*

333 1940 419 1993 σοὶ
447 1942 539 2005 μὲν
569 1941 715 1993 πόλις
747 1939 791 1990 θ’
822 1940 896 2005 ἥδ’
930 1940 1038 1991 ἐστὶ
1070 1940 1149 1991 καὶ
1180 1938 1365 2006 πατρὸς
1395 1938 1538 2003 δόμοι

332 2025 451 2091 βίου
480 2024 524 2076 τ’
553 2027 726 2090 ὄνησις
757 2024 836 2075 καὶ
867 2025 1033 2091 φίλων
1064 2024 1320 2082 συνουσία,

333 2109 434 2177 ἐγὼ
463 2108 506 2160 δ’
537 2108 715 2175 ἔρημος
744 2108 922 2161 ἄπολις
954 2107 1062 2159 οὓσ’
1092 2108 1357 2174 ὑβρίζομαι
1796 2122 1874 2160 255
1932 2166 1934 2169 ,

333 2191 457 2261 πρὸς
486 2194 679 2260 ἀνδρός,
713 2194 767 2244 ἐκ
798 2196 889 2259 γῆς
919 2191 1185 2259 βαρβάρου
1214 2189 1522 2263 λελῃσμένη,

333 2277 390 2329 οὗ
419 2276 604 2344 μητέρ’,
637 2276 723 2329 οὐκ
754 2277 992 2343 ἀδελφόν,
1027 2276 1387 2344 οὐχὶσυγγενῆ

264 2428 266 2430 ¹
334 2363 734 2429 μεθορμίσασθαι
765 2360 906 2426 τῆσδ’
938 2360 1128 2429 ἔχουσα
1159 2362 1435 2427 συμφορᾶς.

206 2515 216 2520 .,
264 2491 343 2529 234
384 2478 497 2524 τοῦτ’
529 2478 588 2519 ἔτ’
620 2477 818 2517 Brunck:
854 2476 967 2518 τοῦτ’
997 2475 1115 2514 AV.
1147 2479 1221 2517 τοῦ
1251 2474 1284 2516 δ’
1317 2474 1375 2515 ἔτ’
1405 2474 1509 2514 LP:
1544 2472 1668 2524 τοῦτό
1694 2472 1737 2525 γ’
1769 2472 1804 2511 Β
1834 2477 1876 2511 et

210 2526 343 2577 Stob.
356 2545 421 2584 73.
444 2546 496 2583 27
521 2536 611 2583 (τοῦ
629 2534 670 2585 γ’
692 2533 829 2572 codex
849 2531 889 2570 A
910 2530 1135 2579 Stobaei):
1164 2530 1250 2571 τόδ’
1272 2529 1414 2568 Haun.
1622 2540 1700 2577 235
1730 2530 1878 2575 λαβεῖν

208 2588 298 2628 LP
345 2600 559 2639 suprascr.
606 2602 661 2627 v.
710 2586 822 2639 λάβῃ
870 2586 1015 2625 AVB
1248 2598 1328 2634 240
1377 2583 1475 2634 ὅτῳ]
1526 2583 1629 2623 ὅπως
1678 2581 1876 2620 Meineke

206 2649 301 2694 243·
318 2642 470 2696 χρεών]
499 2642 631 2734 χάριῖ)
642 2628 871 2680 Wecklein
1039 2652 1118 2689 244
1147 2652 1230 2679 om.
1258 2639 1298 2677 A
1464 2649 1543 2686 245
1574 2637 1674 2684 ἄσης
1696 2635 1877 2674 ABL¹:

213 2698 311 2747 ἄτης
329 2698 405 2737 Vt:
435 2696 631 2746 ἅσσηςΡ
651 2697 807 2744 ’.ἄσην
834 2695 1028 2745 primitus
1054 2693 1115 2732 L.
1157 2694 1317 2744 καρδίας
1344 2693 1448 2741 ἄσην
1470 2690 1807 2741 Olympiodorus
1832 2689 1876 2728 in

213 2750 324 2795 Blat.
344 2750 533 2801 Alcib.p
505 2764 544 2801 p.
575 2752 652 2791 188
835 2751 916 2798 246
945 2747 1160 2788 damnavit
1179 2747 1470 2786 Wilamowitz
1582 2744 1725 2798 φίλον]
1747 2744 1878 2796 φίλων

211 2805 459 2899 primitusL
466 2811 511 2845 et
527 2804 671 2844 Haun.
679 2802 810 2857 2(τιοη
829 2802 887 2853 D)
973 2801 1117 2850 ἥλικας
1139 2801 1302 2840 Person
1324 2801 1385 2852 (et
1402 2799 1544 2839 Haun.
1552 2797 1594 2851 ):
1615 2799 1737 2847 ἥλικα
1751 2799 1872 2837 codd.

215 2860 395 2913 (φίλων.
452 2860 638 2910 ,ἡλίκων
659 2857 887 2910 Headlam)
1083 2867 1163 2906 252
1202 2857 1323 2897 αὑτὸς
1343 2867 1554 2904 suprascr.
1579 2853 1631 2892 A¹
1650 2853 1694 2892 L¹
1714 2867 1723 2893 :
1758 2854 1877 2893 αὐτὸς

214 2915 337 2956 codd.
451 2927 530 2965 253
558 2914 676 2956 πόλις
698 2916 730 2955 θ’
748 2913 789 2952 Α
804 2913 913 2952 LP:
942 2911 1061 2953 πόλις
1078 2911 1139 2949 Β.
1169 2911 1248 2964 γὰρ
1269 2910 1386 2950 πόλις
1403 2910 1442 2948 V
1552 2919 1633 2958 254
1664 2906 1875 2959 συνουσία]

215 2970 400 3012 κοινωνία
418 2981 631 3021 suprascr.
657 2969 692 3008 B
712 2986 777 3022 γρ.
797 2968 838 3007 Α
987 2978 1065 3016 257
1097 2964 1210 3017 οὐχὶ]
1232 2963 1323 3005 οὐδὲ
1347 2965 1381 3002 L
1396 2964 1429 3003 P
