2118 3366
888 128 1332 178 ΕΥΡΙΠΙΔΟΥ

398 255 606 323 φεύγειν
635 256 848 322 τρόπους
879 255 975 325 χρὴ
1007 255 1154 317 τέκν’,
1188 253 1376 325 (ὅσ>οις
1407 258 1576 312 ἔνεστι
1606 265 1736 315 νοῦς.

272 343 362 391 Χο.
395 337 635 398 δέσποιν’,
668 339 795 392 ὅσον
826 362 909 392 σοι
935 341 1117 410 ῥᾳδίως
1149 344 1500 409 προσίσταται,

393 423 604 474 τοσόνδε
633 425 807 476 πείθου
836 425 953 496 τῇδε
984 429 1241 491 συμβῆναι
1270 427 1459 493 λόγοις.

271 510 358 573 Ερ.
392 507 445 558 τί
470 510 797 572 σεμνομυθεῖς
828 509 928 561 κείς
958 508 1109 575 ἀγῶν’
1141 509 1264 581 ἔρχῃ
1294 511 1479 577 λόγων,

394 590 458 644 ὡς
490 589 548 655 δὴ
582 589 645 642 σὺ
677 591 913 658 σώφρων,
947 592 1078 657 τᾶμᾶ
1108 592 1150 643 δ’
1181 593 1294 662 οὐχὶ
1327 595 1591 661 σώφρονα;
1863 614 1941 656 235

268 678 358 726 Αν.
390 674 566 726 οὔκουν
598 674 680 742 ἐφ’
713 676 787 728 οἷς
816 697 876 742 γε
906 680 993 728 νῦν
1025 675 1335 742 καθέστηκας
1363 679 1555 746 λόγοις.

270 762 356 825 Ερ.
397 759 422 808 ὁ
452 763 565 811 νοῦς
595 759 621 809 ὁ
654 759 744 812 σός
772 780 857 824 μοι
886 759 953 825 μὴ
985 757 1249 826 ξυνοικοίη,
1285 762 1447 829 γύναι.

268 845 356 894 Αν.
390 841 478 894 νέα
507 841 733 910 πέφυκας
765 844 843 895 καὶ
872 842 1040 911 λέγεις
1071 846 1297 913 αἰσχρῶν
1328 845 1455 913 πέρι.

268 930 357 993 Ερ.
397 926 461 978 σὺ
492 925 533 978 δ’
564 926 620 978 οὗ
650 926 819 994 λέγεις
848 949 923 994 γε,
958 929 1076 998 δρᾷς
1108 927 1163 979 δέ
1191 929 1241 994 μ’
1273 931 1343 983 εἰς
1374 931 1498 982 ὅσον
1529 931 1666 1004 δύνῃ.

265 1014 355 1062 Αν.
388 1010 474 1061 οὐκ
505 1011 564 1062 αὖ
596 1018 763 1084 σιωπῇ
794 1011 1043 1078 Κύπριδος
1075 1011 1319 1080 ἀλγήσεις
1349 1013 1484 1081 πέρι,·
1857 1033 1940 1074 240

266 1098 354 1161 Ep.
393 1095 446 1146 τί
472 1093 536 1154 δ’,·
585 1095 641 1146 οὐ
670 1094 868 1163 γυναιξὶ
897 1100 1050 1148 ταῦτα
1079 1101 1249 1164 πρῶτα
1278 1103 1561 1166 πανταχοῦ,·

266 1182 356 1230 Αν.
390 1173 525 1245 [ναί,]

391 1267 554 1316 καλῶς
583 1284 643 1330 γε
672 1262 1028 1333 χρωμέναισιν·
1075 1267 1118 1317 εἰ
1150 1268 1203 1318 δὲ
1231 1264 1315 1332 μή,
1351 1266 1407 1317 οὗ
1440 1265 1580 1319 καλά.

264 1350 352 1413 Ερ.
393 1347 449 1399 οὐ
479 1345 759 1415 βαρβάρων
790 1349 1019 1414 νόμοισιν
1052 1351 1277 1414 οἰκοῦμεν
1306 1351 1473 1402 πόλιν.

262 1435 351 1482 Αν.
386 1431 528 1484 κάκεῖ
554 1428 615 1483 τά
644 1431 692 1499 γ’
724 1434 912 1501 αἰσχρὰ
945 1431 1145 1485 κάνθάδ’
1179 1435 1428 1502 αἰσχύνην
1459 1435 1580 1503 ἔχει.

265 1519 350 1581 Ερ.
390 1515 527 1583 σοφὴ
560 1515 697 1583 σοφὴ
732 1517 812 1568 σύ·
862 1520 1124 1569 κατθανεῖν
1155 1517 1197 1568 δ’
1230 1519 1362 1583 ὅμως
1392 1540 1453 1570 σε
1483 1523 1572 1571 δεῖ.
1854 1538 1934 1579 245

261 1602 351 1651 Αν.
385 1600 500 1669 ὁρᾷς
529 1599 732 1667 ἄγαλμα
765 1599 977 1655 Θέτιδος
1009 1603 1079 1655 εἰς
1110 1601 1160 1651 σ’
1191 1601 1512 1668 ἀποβλέπον;

262 1687 351 1749 Ερ.
386 1688 568 1749 μισοῦν
598 1706 658 1751 γε
688 1686 899 1751 πατρίδα
930 1684 1028 1750 σὴν
1059 1685 1342 1755 Ἀχιλλέως
1372 1688 1532 1757 φόνῳ.

262 1770 349 1819 Αν.
384 1766 566 1833 Ἑλένη
599 1789 676 1820 νιν
708 1769 877 1828 ὥλεσ’,
911 1769 998 1821 οὐκ
1029 1770 1143 1837 ἐγώ,
1178 1769 1338 1837 μήτηρ
1369 1774 1422 1823 δὲ
1452 1770 1536 1836 σή.

260 1855 348 1918 Ερ.
387 1850 418 1916 ἢ
450 1852 529 1903 καὶ
559 1853 732 1920 πρόσω
764 1854 859 1920 γὰρ
887 1858 986 1906 τῶν
1019 1856 1150 1919 ἐμῶν
1181 1855 1400 1921 ψαύσεις
1433 1860 1618 1916 κακῶν;

259 1939 347 1987 Αν.
383 1936 486 1987 ἰδοὺ
518 1942 690 1989 σιωπῶ
726 1935 1057 2003 κᾶπιλάζυμαι
1089 1939 1268 2004 στόμα.
1853 1959 1932 1999 250

259 2023 347 2086 Ερ.
388 2022 547 2073 ἐκεῖνο
577 2019 745 2086 λέξον,
780 2021 931 2089 οὗπερ
964 2022 1109 2074 εἵνεκ’
1142 2020 1380 2088 ἐστάλην.

259 2107 347 2156 Αν.
383 2102 518 2171 λέγω
550 2104 601 2155 σ’
634 2106 731 2172 ἐγὼ
762 2111 878 2158 νοῦν
909 2107 996 2158 οὐκ
1028 2106 1164 2174 ἔχειν
1195 2108 1319 2159 ὅσον
1351 2129 1413 2160 σε
1444 2111 1532 2160 δεῖ.

257 2191 345 2254 Ερ.
381 2190 581 2256 λείψεις
610 2189 712 2240 τόδ’
743 2189 898 2257 ἁγνὸν
929 2189 1132 2256 τέμενος
1165 2193 1366 2245 ἐναλίας
1397 2195 1532 2252 θεοῦ;

256 2275 345 2324 Αν.
385 2274 428 2324 εἰ
456 2273 522 2338 μὴ
556 2275 799 2339 θανοῦμαί
825 2274 889 2341 γ’·
939 2276 981 2326 εἰ
1013 2277 1066 2326 δὲ
1094 2275 1178 2341 μή,
1214 2275 1270 2326 οὗ
1299 2277 1464 2343 λείψω
1495 2274 1630 2329 ποτέ.

257 2359 343 2423 Ερ.
386 2356 451 2410 ὡς
480 2357 609 2408 τοῦτ’
640 2357 807 2425 ἄραρε,
844 2358 931 2410 κού
960 2364 1091 2425 μενῶ
1124 2361 1278 2412 πόσιν
1307 2365 1500 2426 μολεῖν.
1845 2379 1926 2418 255

254 2443 344 2492 Αν.
384 2440 501 2492 ἀλλ’
532 2440 631 2492 οὐδ’
664 2443 762 2509 ἐγὼ
792 2442 890 2508 μὴν
922 2443 1145 2510 πρόσθεν
1177 2445 1379 2496 ἐκδώσω
1409 2444 1472 2511 μέ
1503 2466 1601 2497 σοι.

309 2570 384 2607 231
417 2557 528 2600 τέκν’
550 2559 660 2601 ὅσοις
680 2559 698 2597 l
712 2573 720 2598 :
751 2559 862 2601 τέκν’
884 2560 942 2602 οἷς
963 2562 1083 2601 codd.
1111 2561 1258 2615 (τέκνα
1284 2561 1342 2604 οἷς
1363 2562 1404 2601 Μ
1422 2562 1456 2601 Β
1471 2561 1530 2610 O)
1550 2577 1559 2601 ε
1589 2561 1698 2605 τέκν’
1719 2563 1780 2606 αῖς
1802 2564 1919 2605 Stob.

254 2624 316 2661 74.
342 2626 390 2651 21
412 2626 422 2652 z
451 2617 595 2655 παῖδας
615 2614 675 2656 α’ῖς
695 2615 796 2654 olim
819 2615 969 2655 Nauck
1137 2630 1217 2666 232
1246 2618 1491 2671 παρίσταται
1519 2617 1554 2656 Ρ
1719 2632 1800 2670 239
1829 2619 1924 2674 δύνᾳ

253 2666 418 2706 Porson
579 2681 660 2719 240
690 2669 738 2710 αὖ
754 2669 821 2710 A:
854 2671 902 2712 αὒ
924 2670 966 2709 Μ
988 2686 997 2711 :
1026 2672 1075 2713 ἂν
1095 2672 1183 2711 rell.
1356 2685 1433 2722 241
1466 2676 1606 2726 πρῶτα
1632 2677 1763 2715 ταῦτα
1785 2673 1867 2713 LB
1884 2675 1922 2713 Ο

250 2725 439 2774 πανταχῆ
462 2722 496 2762 Ρ
662 2737 741 2774 242
770 2725 836 2766 ναί
855 2738 936 2764 om.
960 2726 994 2765 P
1116 2726 1243 2778 καλά]
1265 2731 1398 2769 καλῶς
1420 2727 1454 2766 L
1469 2727 1503 2765 B
1518 2727 1556 2766 O
1722 2741 1804 2779 244
1831 2729 1922 2771 τάδ’

252 2774 337 2814 ΡΟ
560 2780 641 2829 246
673 2778 899 2828 ἐπιβλέπον
927 2779 967 2819 Α
1000 2780 1268 2834 (ἀποβλέπων
1297 2781 1366 2820 M:
1398 2781 1643 2830 &voBAe‘mtae
1675 2783 1724 2832 L,
1757 2800 1821 2825 -ον
1851 2783 1919 2832 L²)

250 2831 331 2877 248
360 2831 504 2882 Ἑλένη
525 2834 605 2884 νιν]
629 2832 800 2883 Ἑλένην
822 2834 863 2873 Μ
887 2840 930 2873 et
951 2835 1145 2885 primitus
1168 2836 1202 2875 L
1410 2849 1488 2886 251
1521 2836 1642 2892 οῧπερ
1664 2836 1766 2880 ἕνεκ’
1789 2837 1920 2880 ἐνθάδ’

250 2884 371 2926 ἱκάνω
386 2886 439 2935 V,
459 2887 642 2937 ἐστάλην
662 2901 876 2938 suprascr.
895 2888 945 2928 V¹
963 2903 972 2930 ε
1004 2888 1125 2944 οὗπερ
1146 2890 1275 2932 ἐνθάδ’
1293 2890 1414 2932 ἱκάνω
1429 2891 1482 2940 Α,
1500 2904 1709 2942 suprascr.
1728 2909 1793 2946 γρ.
1814 2891 1919 2934 ἕνεκ’

250 2939 431 2990 ἐστάλην
464 2941 531 2982 ΑῙ.
594 2943 658 2983 Cf.
695 2942 806 2983 Med.
841 2944 922 2982 668
1046 2944 1150 2986 ἕνεκ’
1181 2945 1308 2985 etiam
1341 2945 1403 2985 Px
1434 2946 1551 2987 εἵνεκ’
1584 2945 1759 2987 Haun.:
1790 2948 1920 2989 οὕνεκ’

249 2994 339 3035 rell.
365 3002 410 3035 ut
430 2997 572 3036 solent
795 3009 876 3048 252
906 2996 992 3040 οἷόν
1013 3015 1061 3040 σε
1085 2998 1235 3039 Nauck
