2118 3366
458 0 545 136 Ι
581 0 621 31 ’,ὢν

363 120 438 137 ,2-0
453 112 458 129 s
464 133 497 166 „x

590 280 745 331 λίστα
773 283 872 331 τῶν
905 278 1008 331 κατ’
1033 277 1316 344 Ὄλυμπον.
1642 290 1681 323 Ο

505 359 798 430 [παρθένων,
822 358 1069 430 ''Ap-rem]

911 149 1349 199 ΕΥΡΙΠΙΔΟΥ

301 493 377 541 Ιπ.
411 488 508 540 ,σοὶ
537 488 681 541 τόνδε
710 487 926 541 πλεκτὸν
957 487 1215 555 στέφανον
1247 486 1306 552 ἐξ
1332 485 1575 554 ἀκηράτου

424 577 680 637 λειμῶνος,
713 570 751 622 ὦ
783 571 1041 631 δέσποινα,
1077 570 1336 637 κοσμήσας
1368 570 1523 638 φέρω,

427 654 526 708 ἔνθ’
555 655 668 708 οὔτε
699 654 883 720 ποιμὴν
914 653 1044 719 ἀξιοῖ
1072 653 1287 721 φέρβειν
1315 656 1447 719 βοτὰ
1913 669 1968 712 75

426 738 525 790 οὔτ’
556 737 680 803 ἦλθέ
708 760 784 791 πω
815 741 1033 805 σίδαρος,
1066 738 1182 790 ἀλλ’
1214 736 1458 804 ἀκήρατον

424 820 650 888 μέλισσα
677 822 879 887 λειμῶν’
908 822 1050 888 ἠρινὴ
1082 821 1342 890 διέρχεται,

428 907 589 959 Αἰδὼς
619 908 673 958 δὲ
701 907 995 971 ποταμίαισι
1033 906 1230 970 κηπεύει
1261 906 1476 972 δρόσοις·
1540 902 1543 905 V

428 990 570 1043 ὅσοις
601 989 828 1041 διδακτὸν
858 988 1027 1055 μηδέν,
1062 989 1177 1042 ἀλλ’
1208 991 1262 1041 ἐν
1291 990 1350 1060 τῇ
1384 989 1538 1056 φύσει

426 1072 484 1125 τὸ
515 1078 796 1141 σωφρονεῖν
829 1075 1031 1142 εἴληχεν
1062 1075 1112 1127 ἐς
1143 1075 1204 1124 τὰ
1233 1071 1378 1124 πάνθ’
1410 1075 1555 1138 ὁμῶς,
1917 1079 1974 1119 80

428 1157 618 1210 τούτοις
649 1156 935 1224 δρέπεσθαι,
968 1163 1072 1211 τοῖς
1103 1162 1301 1208 κακοῖσι
1330 1156 1371 1207 δ’
1404 1158 1460 1209 οὐ
1491 1156 1645 1222 θέμις.

429 1241 562 1301 ἀλλ’,
594 1239 632 1292 ὦ
663 1243 788 1308 φίλη
821 1240 1076 1300 δέσποινα,
1110 1240 1329 1309 χρυσέας
1361 1241 1512 1306 κόμης

430 1324 656 1390 ἀνάδημα
686 1323 822 1388 δέξαι
851 1325 1018 1394 χειρὸς
1049 1324 1293 1391 εὐσεβοῦς
1323 1322 1513 1409 &wo-W}

428 1410 561 1479 μόνῳ
592 1408 687 1476 γάρ
719 1411 827 1460 ἐστι
857 1409 986 1461 τοῦτ’
1018 1408 1127 1474 ε’μοὶ
1157 1408 1305 1476 γέρας
1334 1392 1549 1475 βρῖτῶν·

430 1494 512 1545 σοὶ
543 1494 623 1545 καὶ
655 1490 843 1558 ξύνειμι
875 1493 954 1544 καὶ
983 1494 1157 1560 λόγοις
1189 1493 1476 1558 ἀμείβομαι,
1919 1500 1971 1549 85

431 1577 593 1629 κλύων
623 1580 714 1643 μὲν
744 1575 912 1642 αὐδήν,
947 1579 1079 1643 ὄμμα
1109 1577 1150 1628 δ’
1185 1578 1278 1645 οὐχ
1308 1578 1435 1643 ὁρῶν
1465 1576 1520 1628 τὸ
1552 1578 1662 1629 σόν.

430 1660 575 1715 τέλος
606 1664 660 1714 δὲ
690 1660 935 1728 κάμψαιμ’
967 1662 1134 1728 ὥσπερ
1166 1659 1388 1727 ἠρξάμην
1418 1663 1552 1727 βίου.

306 1770 615 1808 ΘΕΡΑΠΩΝ

432 1844 773 1910 ἄναξ-θεοὺς
805 1847 900 1912 γὰρ
931 1845 1178 1899 δεσπότας
1210 1849 1380 1896 καλεῖν
1411 1844 1647 1913 χρεών-

433 1929 508 1996 ἀρ’
540 1928 599 1981 ἄν
630 1930 681 1980 τί
705 1950 799 1994 μου
829 1926 995 1991 δέξαιο
1027 1929 1405 1994 βουλεύσαντος
1435 1928 1512 1988 εὗ;

311 2018 386 2065 Ιπ.
435 2013 513 2065 καὶ
545 2012 699 2080 κάρτα
728 2013 792 2079 γ’·
837 2012 867 2076 ἧ
898 2015 992 2080 γὰρ
1025 2012 1081 2064 οὐ
1112 2013 1270 2080 σοφοὶ
1301 2012 1582 2080 φαινοίμεθ’
1613 2011 1691 2065 ἄν.
1922 2030 1977 2071 90

310 2101 401 2149 Θε.
436 2097 564 2149 οἶσθ’
597 2098 685 2149 οὖν
714 2101 976 2164 βροτοῖσιν
1009 2096 1062 2151 ὃς
1094 2096 1399 2162 καθέστηκεν
1415 2097 1580 2161 --νόμος
1627 2136 1638 2148 .
1658 2136 1697 2186 3.
1740 2135 1762 2166 ἲ.

310 2186 386 2234 Ιπ.
433 2181 517 2233 οὐκ
549 2182 673 2234 οῖδα·
719 2186 810 2236 τοῦ,
836 2184 889 2233 δὲ
923 2182 1005 2232 καί
1029 2180 1079 2247 μ’
1111 2182 1391 2248 ἀνιστορεῖς
1421 2180 1557 2248 πέρι,·

311 2269 401 2318 Θε.
434 2270 602 2331 μισεῖν
631 2265 688 2318 τὸ
721 2265 907 2331 σεμνὸν
939 2265 1017 2317 καὶ
1047 2265 1104 2316 τὸ
1133 2265 1199 2331 μὴ
1231 2269 1387 2318 πᾶσιν
1419 2266 1589 2332 φίλον.

365 2395 416 2433 72
463 2381 667 2436 παρθένων
706 2382 874 2435 Ἄρτεμι
926 2382 1040 2421 delet
1085 2381 1262 2421 Nauck:
1311 2394 1393 2422 om.
1434 2381 1578 2421 Haun.
1615 2358 1833 2434 jdscripta
1879 2384 1979 2430 post

304 2437 517 2488 Ὄλυμπον
545 2437 690 2487 glossa
721 2441 844 2478 θεῶνε
883 2437 1077 2491 παρθένος
1099 2437 1269 2490 ’Ἄρτεμι
1297 2435 1617 2491 ἮίῙειηιοννίῒΖῇ
1800 2435 1853 2484 76
1891 2433 1978 2475 οὔτ’

311 2491 446 2531 Orion
464 2492 552 2531 ssor.
574 2492 631 2530 iii.
648 2504 694 2540 3:
718 2492 799 2532 οὐδ’
817 2492 938 2532 codd.
1056 2491 1217 2544 σίδαρος
1234 2491 1276 2529 Μ
1288 2490 1519 2530 ABVDO
1537 2490 1676 2541 etss‘ZV
1695 2489 1771 2533 ΣΒ
1787 2504 1796 2528 :
1817 2489 1979 2542 σίδηρος

312 2546 345 2585 L
360 2546 393 2584 P
412 2559 621 2596 suprascr.
638 2545 677 2583 V
802 2546 999 2599 ἀκήρατος
1019 2546 1073 2584 Αι
1096 2547 1186 2595 (aut
1205 2545 1278 2594 A2)
1303 2559 1358 2584 ex
1379 2546 1581 2598 ἀκήρατον
1762 2556 1811 2594 77
1843 2543 1978 2596 ἐαρινὴ

311 2600 587 2650 Valckenaer,
616 2614 640 2640 e
656 2600 738 2644 ΣΥ
763 2606 794 2644 Σ
809 2600 843 2639 Β
865 2615 873 2639 :
915 2602 1069 2654 ἐαρινὸν
1089 2600 1130 2638 Μ
1145 2600 1185 2638 Α
1207 2600 1241 2638 Β
1255 2600 1295 2639 V
1314 2606 1356 2639 et
1384 2601 1520 2639 codex
1546 2599 1654 2649 Nap.
1681 2599 1977 2639 Scholiorum:

311 2656 446 2708 ἠρινὸν
467 2656 500 2694 L
514 2655 547 2693 P
741 2668 803 2705 79,
825 2657 879 2695 80
909 2655 1036 2706 ὅσοις]
1056 2656 1169 2696 ὅστις
1186 2655 1362 2694 Porson.
1423 2654 1510 2693 Sed
1531 2656 1579 2695 τὸ
1601 2663 1728 2707 σωφρ.
1746 2666 1859 2693 nom.
1878 2665 1979 2692 casu

313 2709 493 2749 dicitur:
530 2710 540 2731 ‘
559 2709 736 2749 castitas
760 2723 826 2748 eos
851 2709 992 2748 sortita
1018 2709 1096 2748 est'
1291 2710 1345 2747 80
1373 2708 1489 2750 πάνθ’
1512 2710 1615 2760 ὅμως
1637 2709 1678 2746 Μ
1692 2708 1733 2746 Α
1747 2707 1835 2747 BV
1855 2711 1979 2758 (ὁμῶς

315 2763 412 2815 B²>=
449 2763 566 2805 πάντ’
588 2765 650 2805 ἀεί
672 2765 767 2804 LP.
826 2763 889 2802 Cf.
913 2764 1065 2803 Bacch.
1088 2765 1169 2812 316
1333 2765 1386 2812 85
1424 2763 1564 2816 λόγοις
1592 2763 1631 2803 σ’
1653 2763 1692 2802 Ο
1716 2762 1892 2814 (λόγοισ’
1915 2761 1977 2812 Μ)

314 2820 368 2857 86
387 2820 510 2867 αὐδήν
531 2819 572 2856 Μ
586 2819 677 2858 AV
692 2819 739 2857 Ll
761 2821 852 2865 (aut
869 2818 939 2869 L2)
960 2832 969 2856 ε
1000 2820 1119 2865 αὐδῆς
1139 2817 1195 2857 A²
1210 2818 1243 2856 L
1266 2817 1384 2870 (ante
1405 2818 1507 2868 raS.)
1533 2817 1566 2855 P
1723 2821 1823 2871 ὁρῶν
1841 2815 1880 2854 Α
1894 2815 1929 2853 Β
1943 2814 1979 2852 L

318 2872 408 2922 (aut
430 2872 495 2923 L2)
521 2874 578 2911 P:
610 2877 686 2926 ὁρῶ
708 2872 802 2911 MV
956 2874 1009 2910 88
1039 2868 1236 2924 θεράπων]
1258 2872 1328 2910 hic
1349 2885 1524 2910 omnes:
1557 2884 1655 2910 mox
1677 2870 1836 2919 οἰκέτης
1858 2868 1978 2908 MV:

315 2927 493 2965 lineolas
511 2941 578 2975 vv.
600 2927 763 2976 92-108
783 2924 912 2977 praef.
938 2925 973 2964 L
1166 2939 1216 2976 91
1249 2926 1311 2978 ὃς]
1341 2939 1396 2964 ex
1424 2928 1475 2966 ὡς
1494 2925 1561 2964 vel
1589 2925 1647 2966 οἷς
1673 2930 1906 2963 correctum
1933 2923 1978 2962 in

317 2980 382 3022 A:
412 2983 463 3023 ὡς
486 2981 634 3020 Nauck
