2118 3366
703 107 1198 158 ΗΡΑΚΛΕΙΔΑΙ

242 237 373 303 αἱρεῖ
399 233 441 287 δ’
472 236 499 286 ὁ
531 234 725 289 κλεινὸς
755 234 955 291 Ἰόλεως
986 237 1282 304 Εὐρυσθέως

239 318 483 387 τέτρωρον
513 317 644 386 ἅρμα
672 318 794 386 πρὸς
823 318 1025 387 πέτραις
1055 323 1367 388 Σκιρωνίσιν,
1703 329 1784 369 860

240 406 445 469 δεσμοῖς
473 398 529 456 τε
557 401 715 467 δήσας
744 408 918 472 χεῖρας
949 405 1229 471 ἀκροθίνιον

241 485 517 539 κάλλιστον
544 486 652 552 ἥκει
682 486 770 538 τὸν
801 488 1149 555 στρατηλάτην
1179 488 1316 557 ἄγων

238 569 326 622 τὸν
354 572 536 636 ὄλβιον
565 570 787 637 πάροιθε.
875 579 936 645 τῇ
966 574 1020 625 δὲ
1049 577 1134 625 νῦν
1165 574 1291 645 τύχῃ

236 658 441 721 βροτοῖς
472 653 630 707 ἅπασι
659 657 864 722 λαμπρὰ
895 656 1137 723 κηρύσσει
1165 660 1358 722 μαθεῖν,

238 737 325 790 τὸν
357 737 579 806 εὐτυχεῖν
609 741 848 791 δοκοῦντα
875 738 942 806 μὴ
977 740 1168 804 ζηλοῦν,
1204 742 1319 808 πρὶν
1350 740 1413 793 ἂν
1703 747 1782 799 865

239 821 436 874 θανόντ’
466 823 545 894 ἴδῃ
576 843 665 876 τις·
713 823 778 876 ὡς
809 822 1051 890 ἐφήμεροι
1081 824 1247 893 τύχαι.

115 908 206 958 Χο.
237 903 276 957 ‹T›
306 909 404 958 Ζεῦ
431 910 651 973 τροπαῖε,
685 910 774 958 νῦν
806 907 913 972 ἐμοὶ
944 911 1105 960 δεινοῦ
1135 909 1306 975 φόβου

239 990 502 1056 ἐλεύθερον
531 989 774 1057 πάρεστιν
804 989 933 1058 ἦμαρ
966 993 1186 1044 εἰσιδεῖν.

113 1076 207 1126 Αλ.
240 1070 278 1124 ὦ
310 1077 424 1132 Ζεῦ,
456 1074 621 1143 χρόνῳ
651 1076 743 1140 μὲν
773 1074 886 1140 τᾶμ’
919 1074 1188 1143 ἐπεσκέψω
1221 1075 1362 1135 κακά,

234 1156 385 1225 χάριν
415 1156 457 1208 δ’
488 1158 620 1223 ὅμως
651 1179 736 1209 σοι
765 1164 864 1210 τῶν
894 1159 1256 1227 πεπραγμένων
1286 1160 1404 1227 ἔχω·
1705 1166 1785 1218 870

240 1240 320 1292 καὶ
349 1245 501 1294 παῖδα
530 1240 618 1293 τὸν
649 1241 769 1307 ε’μὸν
799 1243 1020 1310 πρόσθεν
1050 1244 1106 1296 οὐ
1137 1243 1334 1295 δοκοῦσ’
1366 1244 1465 1311 ἐγὼ

238 1327 368 1378 θεοῖς
398 1325 592 1390 ὁμιλεῖν
622 1329 708 1377 νῦν
739 1328 1009 1392 ἐπίσταμαι
1041 1333 1234 1395 σαφῶς.

294 1406 358 1459 ’ὦ
388 1407 552 1468 τέκνα,
586 1414 675 1461 νῦν
706 1409 764 1474 δὴ
795 1415 880 1462 νῦν
912 1412 1164 1478 ἐλεύθεροι
1195 1412 1380 1471 πόνων,

237 1491 487 1559 ἐλεύθεροι
519 1495 572 1545 δὲ
601 1498 688 1544 τοῦ
718 1499 878 1548 κακῶς
907 1494 1179 1560 ὀλουμένου

237 1575 533 1643 Εὐρυσθέως
565 1576 749 1630 ἔσεσθε
782 1578 860 1629 καὶ
891 1579 1039 1630 πόλιν
1070 1578 1257 1646 πατρὸς
1703 1588 1782 1639 875

235 1661 446 1727 ὄψεσθε,
481 1659 690 1727 κλήρους
721 1661 763 1711 δ’
794 1663 1134 1727 ἐμβατεύσετε
1162 1663 1346 1731 χθονὸς

239 1745 318 1796 καὶ
351 1747 482 1798 θεοῖς
513 1742 761 1814 πατρῴοις
792 1746 978 1805 θύσεθ’,
1012 1748 1081 1799 ὧν
1114 1747 1436 1814 ἆπειργμένοι

237 1826 371 1892 ξένοι
401 1827 658 1894 πλανήτην
689 1829 837 1897 εἴχετ’
870 1829 1042 1882 ἄθλιον
1072 1831 1207 1896 βίον.

322 1913 447 1980 ἆτᾶρ
475 1913 528 1964 τί
555 1914 741 1965 κεύθων
772 1913 971 1968 Ἰόλεως
1003 1915 1170 1981 σοφόν
1200 1936 1321 1967 ποτε

238 1995 533 2063 Εὐρυσθέως
564 1997 796 2064 ἐφείσαθ’
826 1999 958 2050 ὥστε
986 1997 1052 2064 μὴ
1084 2003 1306 2059 κτανεῖν,·
1707 2004 1784 2043 830

237 2078 404 2144 λέξον·
450 2080 563 2147 παρ’
594 2081 712 2146 ἡμῖν
743 2084 834 2147 μὲν
865 2084 959 2149 γὰρ
990 2082 1047 2133 οὐ
1078 2082 1244 2150 σοφὸν
1274 2083 1404 2141 τόδε,

236 2164 446 2234 ἐχθροὺς
475 2165 708 2230 λαβόντα
736 2165 802 2231 μὴ
834 2167 1201 2218 ἀποτείσασθαι
1231 2168 1387 2232 δίκην.

115 2250 206 2300 Θε.
238 2247 296 2299 τὸ
327 2248 421 2300 σὸν
450 2254 718 2316 προτιμῶν,
752 2251 818 2303 ὥς
849 2271 926 2302 νιν
958 2252 1241 2318 ὀφθαλμοῖς
1272 2253 1395 2304 ἴδοις

238 2332 586 2400 Τκρατοῦνταῒ
619 2334 698 2385 καὶ
730 2335 795 2406 σῇ
824 2336 1222 2400 δεσποτούμενον
1250 2336 1378 2402 χερί.

236 2415 292 2467 οὐ
320 2416 418 2481 μὴν
450 2417 627 2469 ἑκόντα
656 2417 703 2485 γ’
735 2418 901 2477 αὐτόν,
935 2419 1069 2470 ἀλλὰ
1099 2418 1220 2486 πρὸς
1249 2420 1373 2484 βίαν
1703 2423 1780 2472 885

238 2497 396 2564 ἔζευξ’
429 2501 635 2573 ἀνάγκῃ·
682 2503 762 2553 καὶ
792 2504 886 2568 γὰρ
917 2501 1003 2553 οὐκ
1035 2503 1279 2568 ἐβούλετο

240 2584 334 2647 ζῶν
365 2586 414 2639 ἐς
446 2585 539 2638 σὸν
571 2588 738 2638 ἐλθεῖν
767 2588 901 2651 ὄμμα
933 2586 1011 2637 καὶ
1043 2590 1209 2638 δοῦναι
1239 2587 1395 2651 δίκην.

167 2699 248 2750 859
278 2701 382 2754 αἱρεῖ
396 2717 462 2755 γρ.
487 2701 521 2740 L
543 2702 586 2741 in
609 2715 738 2753 marg.
761 2717 769 2743 ε
803 2704 902 2756 αἴρει
926 2702 956 2741 L
973 2701 1006 2740 P
1029 2700 1217 2756 (alpei'p)
1359 2701 1519 2742 Ἰόλεως
1537 2701 1752 2740 Victorius
1773 2715 1782 2740 ε

113 2753 271 2796 πόλεως
295 2754 375 2794 LP
539 2758 621 2796 860
651 2757 881 2811 σκειρωνίσι
906 2757 938 2794 L
954 2757 987 2795 P
1168 2759 1249 2806 865
1277 2758 1333 2808 μὴ
1357 2756 1527 2807 ζηλοῦτε
1547 2757 1639 2809 πρὶν
1660 2755 1778 2795 Stob.

118 2819 204 2858 105.
226 2809 281 2848 26
459 2812 538 2861 867
574 2810 707 2865 φόβον
729 2812 777 2858 L,
801 2824 910 2850 corr.
936 2810 983 2850 L¹
1150 2813 1251 2862 ⁴884
1286 2812 1487 2849 Fortasse
1509 2811 1687 2851 ἆτοῦντα
1707 2810 1781 2860 (an

114 2862 318 2916 ἀτῶνταὲ)
360 2862 411 2904 cl.
451 2865 556 2907 Hdt.
602 2866 672 2905 vii.
714 2879 810 2916 223,
854 2865 901 2906 ΙΙ.
943 2879 1016 2905 xx.
1054 2878 1160 2916 332:
1205 2869 1440 2921 ταρβοῦντα
1478 2864 1781 2904 Herwerden:

115 2920 318 2973 κρατοῦσα
338 2917 501 2959 Reiske
