2118 3366
170 221 262 269 Χο.

801 85 1204 134 ΑΛΚΗΣΤΙΣ

295 215 438 269 ἐλπὶς
466 216 559 280 μὲν
590 213 746 266 οὐκέτ’
777 214 886 266 ἐστὶ
917 211 1163 283 σῴζεσθαι
1190 213 1334 278 βίον,·

174 304 267 352 Θε.
298 297 592 366 πεπρωμένη
624 299 720 364 γὰρ
749 296 908 364 ἡμέρα
937 296 1182 362 βιάζεται.

171 388 262 435 Χο.

173 470 266 518 Θε.

171 554 264 601 Χο.

175 720 266 769 Θε.

236 2767 313 2815 146
342 2767 549 2808 σώσασθαι
573 2767 606 2805 L
621 2767 655 2806 P

180 2820 304 2864 [ΡΣ
496 2833 568 2870 151
603 2827 646 2860 et
679 2833 753 2871 152
793 2822 1104 2872 paragraphum
1134 2821 1266 2872 praef.
1300 2820 1362 2858 L:
1406 2830 1478 2867 151
1503 2823 1598 2872 θερ.,
1624 2830 1700 2867 152
1726 2828 1844 2870 τρυφ.

298 383 472 434 οὔκουν
503 381 579 434 ἐπ’
613 381 735 453 αὐτῇ
763 379 1050 446 πράσσεται
1083 382 1145 431 τὰ
1175 379 1469 445 πρόσφορα,·

298 466 485 531 κόσμος
514 464 562 533 γ’
593 465 803 530 ἕτοιμος,
838 461 875 533 ᾧ
908 469 1013 530 σφε
1042 462 1295 530 συνθάψει
1324 462 1490 514 πόσις.

296 551 422 602 ἵστω
453 569 541 601 νυν
573 546 776 612 εὐκλεής
805 569 866 615 γε
897 545 1260 612 κατθανουμένη

296 631 420 700 γυνή
450 632 493 684 τ’
525 633 703 699 ἀρίστη
734 637 833 683 τῶν
862 631 950 699 ὑφ’
981 631 1123 700 ἡλίῳ,
1155 634 1341 699 μακρῷ.

299 721 403 770 πῶς
434 716 476 768 δ’
507 716 592 767 οὐκ
624 717 827 783 ἆρίστη;
874 716 947 768 τίς
978 715 1020 767 δ’
1054 714 1434 772 ἐναντιώσεται,·

298 800 350 852 τί
373 799 472 868 χρὴ
502 799 742 867 γενέσθαι
770 799 862 863 τὴν
891 797 1346 866 ὑπερβεβλημένην

299 889 531 952 γυναῖκας
578 889 683 937 πῶς
713 883 755 935 δ’
786 883 846 935 ἂν
875 887 1074 948 μᾶλλον
1105 880 1379 946 ἐνδείξαιτό
1408 901 1482 934 τις

298 968 451 1020 πόσιν
481 967 754 1035 προτιμῶσ’
781 963 811 1032 ἢ
845 967 1045 1019 θέλουσ’
1075 969 1393 1032 ὑπερθανεῖν;

300 1053 379 1104 καὶ
409 1057 561 1104 ταῦτα
588 1054 679 1117 μὲν
710 1051 768 1115 δὴ
799 1051 921 1104 πᾶσ’
953 1052 1215 1102 ἐπίσταται
1244 1051 1408 1103 πόλις·

299 1136 331 1187 ἃ
360 1135 403 1187 δ’
433 1138 487 1187 ἐν
515 1137 685 1202 δόμοις
716 1136 899 1203 ἔδρασε
930 1133 1160 1206 θαυμάσῃ
1194 1135 1373 1185 κλύων.

299 1221 408 1272 ἐπεὶ
438 1223 533 1287 γὰρ
562 1218 737 1292 ᾔσθεθ’
765 1218 954 1286 ἡμέραν
983 1219 1074 1283 τὴν
1106 1220 1276 1285 κυρίαν

299 1304 537 1369 ἤκουσαν,
568 1305 719 1356 ὕδασι
749 1303 1008 1369 ποταμίοις
1036 1303 1216 1354 λευκὸν
1245 1302 1375 1369 χρόα

299 1387 548 1446 ἐλούσατ’,
582 1390 637 1439 ἐκ
666 1387 707 1439 δ’
739 1391 928 1439 ἑλοῦσα
959 1388 1190 1454 κεδρίνων
1220 1387 1383 1451 δόμων

300 1473 488 1536 ἐσθῆτα
519 1474 710 1537 κόσμον
739 1472 782 1523 τ’
815 1472 1067 1539 εὐπρεπῶς
1097 1469 1375 1535 ἠσκήσατο,

302 1555 381 1607 καὶ
412 1559 579 1607 στᾶσα
609 1557 830 1622 πρόσθεν
859 1555 1067 1608 Ἑστίας
1100 1552 1388 1619 κατηύξατο·

303 1639 561 1699 Δέσποιν’,
594 1641 692 1708 ἐγὼ
724 1642 819 1708 γὰρ
851 1640 1059 1707 ἔρχομαι
1091 1642 1214 1690 κατὰ
1243 1639 1443 1706 χθονός,

299 1724 617 1777 πανύστατόν
649 1746 709 1776 σε
740 1724 1100 1791 προσπίτνουσ’
1133 1722 1419 1787 αἰτήσομαι,

300 1807 432 1860 τέκν’
463 1810 774 1875 ὀρφανεῦσαι
803 1808 949 1874 τάμά·
998 1808 1077 1859 καὶ
1108 1813 1174 1877 τῷ
1205 1810 1297 1873 μὲν
1330 1809 1487 1874 φίλην

301 1892 535 1957 σύζευξον
566 1892 770 1960 ἄλοχον,
805 1901 866 1965 τῇ
896 1895 949 1943 δὲ
979 1896 1210 1958 γενναῖον
1240 1892 1410 1942 πόσιν.

299 1977 411 2042 μηδ’
442 1978 612 2045 ὥσπερ
644 1977 804 2029 αὐτῶν
833 1978 863 2042 ἡ
895 1976 1092 2027 τεκοῦσ’
1127 1977 1412 2040 ἀπόλλυμαι

301 2064 468 2113 θανεῖν
499 2062 686 2128 ἀώρους
716 2066 910 2120 παῖδας,
943 2060 1060 2112 ἀλλ’
1093 2060 1384 2125 εὐδαίμονας

302 2146 355 2197 ἐν
385 2152 450 2217 γῇ
480 2143 679 2216 πατρῴᾳ
709 2145 921 2212 τερπνὸν
952 2147 1204 2209 ἐκπλῆσαι
1232 2146 1366 2210 βίον.

1769 980 1843 1019 155

1770 1390 1847 1430 160

1771 1811 1845 1860 165

384 2228 573 2283 πάντας
605 2233 658 2282 δὲ
687 2230 907 2295 βωμούς,
941 2230 987 2281 οἳ
1020 2228 1125 2281 κατ’
1157 2227 1405 2293 Ἀδμήτου
1437 2228 1630 2292 δόμους,
1768 2239 1844 2280 170

300 2316 558 2381 προσῆλθε
590 2312 874 2381 κάξέστεψε
906 2315 985 2365 καὶ
1015 2310 1347 2380 προσηύξατο,

301 2398 528 2465 πτόρθων
559 2399 908 2466 ἀποσχίζουσα
935 2400 1179 2465 μυρσίνης
1210 2398 1400 2464 φόβην,

302 2481 545 2536 ἄκλαυτος
574 2482 893 2541 ἀστένακτος,
926 2482 1038 2534 οὐδὲ
1066 2480 1269 2534 τούπιὸν

303 2566 451 2619 κακὸν
479 2568 691 2632 μεθίστη
721 2566 915 2635 χρωτὸς
946 2567 1106 2631 εὐειδῆ
1138 2566 1311 2633 φύσιν.

304 2650 508 2721 κᾶπειτα
538 2650 764 2717 θάλαμον
797 2654 1091 2703 ἐσπεσοῦσα
1121 2650 1198 2701 καὶ
1229 2649 1396 2717 λέχος,

176 2875 309 2926 praes.
333 2875 377 2914 P.
438 2875 501 2914 Cf.
526 2876 814 2915 Personarum
835 2877 1020 2915 indicem
1160 2886 1233 2924 151
1266 2878 1425 2927 μακρῶν
1440 2873 1479 2911 V

176 2938 294 2970 λυται
317 2930 350 2968 L
365 2929 398 2968 P
524 2944 600 2980 172
629 2932 822 2985 μυρσίνης
842 2931 881 2969 V
896 2931 930 2969 B
945 2936 975 2974 Σ
995 2945 1004 2969 :
1032 2935 1233 2984 μυρσινῶν
1255 2929 1288 2966 L
1306 2929 1338 2966 P
1454 2939 1531 2977 173
1561 2928 1761 2968 ἄκλαυτος
1784 2926 1817 2964 L
1836 2940 1845 2964 ε

177 2986 408 3041 ἄκλαυστος
427 2984 466 3023 V
481 2985 514 3023 B
532 2985 566 3023 P

1770 2661 1843 2705 175

884 2768 962 2816 148
994 2767 1054 2807 ἐπ’
1077 2769 1177 2821 αὐτῇ
1201 2765 1235 2804 V
1250 2766 1285 2803 Β
1308 2771 1351 2804 et
1371 2778 1411 2803 v.
1426 2764 1451 2804 l.
1476 2764 1519 2802 in
1540 2769 1594 2806 2:
1629 2765 1689 2804 ἐπ’
1710 2765 1843 2803 αὐτοῖς

1612 2874 1688 2922 167
1721 2872 1845 2912 ἀπόλ-
