2118 3366
905 147 1344 196 ΕΥΡΙΠΙΔΟΥ

418 275 495 329 καὶ
525 274 675 330 πόλλ’
705 274 896 328 ἔτικτον
925 276 1061 328 νυκτὶ
1092 266 1352 328 συνθακῶν
1383 276 1478 336 ἀεί,
1547 285 1550 289 ’

417 361 550 414 ὅπως
580 359 766 414 διώσας
797 360 877 412 καὶ
909 361 1226 413 κατακτείνας
1257 359 1406 424 ε’μοὺς
1875 374 1992 431 995·-

418 442 627 512 ἐχθροὺς
656 442 713 494 τὸ
743 441 926 495 λοιπὸν
954 442 1020 507 μὴ
1054 443 1336 507 συνοικοίην
1367 443 1536 513 φόβῳ,
1585 447 1587 449 ’

418 527 557 580 εἰδὼς
579 528 671 591 μὲν
701 525 786 578 οὐκ
818 525 1025 592 ἀριθμὸν
1054 525 1172 578 ἀλλ’
1205 527 1455 592 ἐτητύμως

394 609 552 677 ἄνδρ’
585 612 704 661 ὄντα
732 608 820 661 τὸν
851 609 945 661 σὸν
975 612 1144 662 παῖδα·
1188 609 1268 661 καὶ
1297 612 1393 677 γὰρ
1426 609 1607 678 ἐχθρὸς
1638 607 1707 662 ὢν

418 693 682 745 ἀκούσεται
713 688 858 759 <’μοί>
887 692 934 761 γ’
967 695 1128 744 ἐσθλὰ
1158 692 1379 760 χρηστὸς
1411 691 1479 745 ὢν
1510 692 1650 760 ἀνήρ.

419 779 579 829 κείνου
610 776 651 828 δ’
684 776 1099 845 ἀπαλλαχθέντος
1129 776 1215 828 οὐκ
1246 779 1399 845 ἐχρῆν
1429 776 1480 842 μ’
1511 776 1606 844 ἄρα
1848 792 1963 822 1000

418 861 720 926 μισούμενον
752 860 873 927 πρὸς
903 864 1057 913 τῶνδε
1089 861 1169 912 καὶ
1201 859 1456 925 ξυνειδότα

419 944 604 1012 ἔχθραν
635 942 874 1014 πατρῴαν,
907 943 1071 997 πάντα
1102 948 1302 1010 κινῆσαι
1334 943 1532 1011 πέτρον,

357 1072 359 1074 .
420 1029 673 1080 κτείνοντα
704 1026 1061 1093 κάκβάλλοντα
1091 1029 1171 1080 καὶ
1201 1028 1538 1097 τεχνώμενον;

418 1116 619 1164 τοιαῦτα
649 1116 826 1179 δρῶντι
853 1111 966 1177 τᾶμ’
985 1111 1212 1179 Υἐγίγνετ’
1244 1114 1476 1180 ἀσφαλῆ.

417 1197 592 1248 οὔκουν
622 1196 688 1247 σύ
716 1195 763 1262 γ’
795 1197 1126 1262 ἀναλαβοῦσα
1155 1198 1242 1250 τὰς
1273 1198 1392 1262 ἐμὰς
1421 1195 1578 1265 τύχας
1855 1210 1962 1252 1005

420 1282 602 1348 ἐχθροῦ
629 1279 834 1334 λεόντος
864 1283 1078 1347 δυσγενῆ
1109 1278 1447 1346 βλαστήματα

420 1363 632 1429 ἤλαυνες
662 1363 724 1416 ἂν
755 1369 995 1423 κακοῖσιν,
1030 1365 1164 1415 ἀλλὰ
1195 1364 1470 1431 σωφρόνως

421 1450 595 1502 εἴασας
626 1449 779 1501 οἰκεῖν
800 1447 1011 1515 *Αργος,·
1059 1448 1209 1501 οὔτιν’
1240 1448 1300 1500 ἂν
1333 1449 1513 1502 πίθοις.

416 1536 503 1584 νῦν
534 1532 619 1584 οὖν
652 1530 821 1596 ἐπειδή
850 1532 900 1597 μ’
932 1532 989 1583 οὐ
1022 1532 1272 1585 διώλεσαν
1302 1533 1417 1585 τότε

418 1617 672 1683 πρόθυμον,
701 1618 835 1675 ὄντα,
868 1620 1031 1668 τοῖσιν
1058 1615 1322 1681 Ἑλλήνων
1353 1617 1523 1682 νόμοις
1854 1630 1964 1670 ‚¹010

420 1701 515 1768 οὐχ
544 1701 694 1767 ἁγνός
725 1702 825 1765 εἶμι
852 1705 918 1770 τῷ
952 1702 1181 1752 κτανόντι
1212 1701 1483 1753 κατθανών·

421 1785 568 1837 πόλις
597 1784 639 1835 τ’
671 1785 834 1851 ἀφῆκε
866 1789 1215 1852 σωφρονοῦσα,
1248 1784 1335 1837 τὸν
1368 1784 1481 1837 θεὸν

417 1868 583 1933 μεῖζον
613 1869 789 1920 τίουσα
818 1871 905 1932 τῆς
934 1871 1054 1933 ἐμῆς
1084 1869 1265 1936 ἔχθρας
1294 1870 1439 1920 πολύ.

421 1955 713 2017 προσεῖπας,
746 1948 1074 2016 ἀντήκουσας·
1123 1951 1351 2005 ἐντεῦθεν
1377 1953 1432 2003 δὲ
1462 1950 1559 2019 χρὴ

418 2035 506 2086 τὸν
537 2035 909 2101 προστρόπαιον
939 2035 1026 2086 τόν
1056 2056 1111 2087 τε
1141 2040 1373 2102 γενναῖον
1405 2040 1592 2091 καλεῖν.
1856 2050 1961 2089 1015

420 2120 546 2170 οὕτω
577 2140 635 2185 γε
664 2118 835 2183 μέντοι
865 2116 977 2183 τᾶμ’
1007 2118 1157 2188 ἔχεις·
1206 2122 1374 2171 θανεῖν
1404 2122 1496 2184 μὲν
1527 2119 1584 2170 οὗ

417 2202 599 2274 χρῄζω,
632 2203 794 2254 λιπὼν
824 2200 866 2252 δ’
897 2200 958 2253 ἂν
989 2202 1132 2255 οὐδὲν
1164 2204 1410 2272 ἀχθοίμην
1440 2205 1574 2269 βίον.

346 2582 428 2620 999
458 2570 540 2621 ’μοί
568 2571 663 2610 add.
684 2570 999 2614 Wilamowitz:
1031 2573 1083 2613 τὰ
1103 2573 1199 2613 add.
1222 2573 1384 2612 Canter
1608 2585 1714 2612 1002
1745 2573 1904 2612 desinit
1927 2572 1962 2612 P

293 2636 392 2673 pars
423 2625 635 2673 Palatina3
675 2637 779 2675 1003
810 2627 961 2677 incipit
992 2640 1092 2678 pars
1123 2628 1414 2666 Laurentiana
1436 2626 1513 2677 (G)
1681 2628 1784 2668 Post
1813 2627 1962 2682 πέτρον

290 2679 385 2720 add.
412 2680 454 2718 in
475 2680 507 2718 L
527 2680 611 2719 alia
633 2693 783 2719 manus
805 2682 956 2720 eodem
978 2688 1215 2721 atramento
1237 2682 1355 2735 παρά,
1380 2688 1451 2721 aut
1474 2682 1651 2722 sortasse
1670 2683 1861 2736 παροιμία
1882 2695 1962 2733 per

291 2735 592 2783 compendium
721 2748 825 2784 1004
855 2737 963 2787 τάμὰ
977 2737 1137 2789 γίγνετ’
1154 2736 1263 2776 LP:
1293 2749 1399 2776 corr.
1427 2736 1654 2786 Musgrave
1778 2748 1883 2786 1005
1912 2739 1961 2778 ἂν

289 2791 482 2839 λαχοῦσα
496 2789 726 2828 Wecklein
888 2792 993 2830 1006
1023 2795 1199 2842 δυσμενῆ
1217 2791 1464 2842 Stephanus
1487 2800 1493 2831 ι’
1506 2791 1555 2831 cf.
1580 2791 1658 2832 Ar.
1678 2792 1809 2842 Vesp.
1836 2792 1958 2842 1160)

294 2854 398 2891 1014
428 2848 651 2894 προσεῖπας
673 2844 863 2895 Elmsley
880 2861 887 2885 :
917 2847 1014 2899 πρὸς
1028 2844 1060 2886 ’ἃ
1081 2846 1193 2887 εἶπας
1211 2846 1245 2884 L
1263 2860 1273 2885 t
1302 2847 1396 2899 πρὸς
1417 2845 1443 2886 ἅ
1459 2846 1502 2898 γ’
1525 2847 1638 2888 εἶπας
1657 2847 1674 2884 Ι
1694 2847 1758 2896 (ut
1774 2846 1881 2897 vid.)
1900 2845 1958 2886 P:

289 2896 314 2937 ἅ
342 2898 384 2948 γ’
415 2898 527 2940 εἶπας
560 2899 783 2939 Hermann
1003 2911 1107 2948 1015
1147 2903 1310 2941 κτανεῖν
1346 2900 1559 2950 Hartung.
1629 2900 1739 2940 Aliis
1771 2904 1960 2953 γενναῖον

290 2959 536 3002 suspectum
705 2955 810 2993 1016
840 2953 968 3006 ἔχεις]
995 2955 1083 3006 ἔχει
1103 2954 1261 3003 Aldina
