2118 3366
813 119 1134 168 ΜΗΔΕΙΑ

349 250 433 304 οὓς
461 248 639 315 μήποτ’
670 250 770 317 ἐγὼ
801 250 970 317 φύσας
1000 252 1193 316 ὄφελον

431 333 553 401 πρὸς
584 337 678 385 σοῦ
705 332 976 401 φθιμένους
1007 332 1283 385 ἐπιδέσθαι.

139 465 229 512 Χο.
345 466 551 512 πολλῶν
580 461 755 526 ταμίας
785 459 910 513 Ζεὺς
942 462 995 512 ἐν
1024 459 1286 529 Ὀλύμπῳ,
1705 477 1808 517 1415

346 546 515 596 πολλὰ
545 543 587 595 δ’
619 543 847 597 ἀέλπτως
879 545 1135 611 κραίνουσι
1165 545 1286 595 θεοί·

349 628 427 680 καὶ
457 629 518 679 τὰ
548 626 797 692 δοκηθέντ’
830 627 916 678 οὐκ
948 626 1204 692 ἐτελέσθη,

345 716 443 763 τῶν
473 710 515 763 δ’
545 709 798 776 ἀδοκήτων
828 712 982 778 πόρον
1011 711 1130 779 ηὗρε
1159 712 1285 764 θεός.

429 795 607 847 τοιόνδ’
638 794 804 861 ἀπέβη
836 796 949 847 τόδε
979 799 1197 862 πρᾶγμα.

196 923 299 961 1413
320 910 543 964 ὄφελονντ
565 914 725 963 ὤφελον
739 911 830 951 rell.
929 924 1030 961 1414
1052 910 1311 963 φθινομένους
1328 911 1405 950 LP
1497 913 1601 960 1416
1623 910 1810 952 ἀέλπτως

138 966 286 1007 codd.:
328 967 488 1007 ἄελπτα
518 966 636 1005 Stob.
674 978 761 1005 111.
795 967 822 1003 6
1047 979 1151 1016 1419
1190 965 1284 1006 τόδε
1316 966 1473 1005 LPB:
1514 966 1611 1007 τόδε
1642 967 1690 1006 τὸ
1719 966 1810 1004 AV

139 1020 188 1059 In
220 1020 305 1059 fine
335 1019 457 1067 τέλος
488 1021 686 1073 εὐριπίδου
716 1021 882 1071 μηδείας
901 1019 968 1058 V:
1007 1019 1131 1061 τέλος
1159 1021 1327 1071 μηδείας
1346 1020 1460 1062 AL:
1492 1020 1615 1061 τέλος
1644 1022 1809 1071 μηδείας

139 1075 340 1128 εὖριπίδου
379 1074 426 1114 Β.
509 1075 772 1124 Subscripsit
813 1074 863 1113 Βι
903 1076 1001 1128 πρὸς
1051 1075 1223 1128 διάφορα
1271 1075 1514 1128 ἀντίγραφα.
1596 1076 1810 1115 Διονυσίου

137 1127 378 1180 ὁλοσχερές·
413 1127 479 1170 καί
505 1146 598 1169 τινα
616 1133 698 1169 τῶν
718 1131 904 1179 Διδύμου.
968 1129 1031 1168 Cf.
1057 1129 1414 1179 subscriptionem
1438 1129 1608 1168 Orestis
1629 1129 1673 1167 in
1696 1128 1737 1166 M
1758 1129 1807 1177 B,

134 1189 176 1222 et
194 1183 495 1278 YVilamowitz,
514 1183 740 1224 Herakles¹
759 1183 786 1225 i.
800 1197 842 1236 p.
862 1196 950 1235 199.
1014 1184 1080 1225 De
1101 1191 1137 1227 Π
1159 1185 1207 1225 cf.
1225 1197 1335 1236 quae
1355 1185 1407 1224 ad
1429 1185 1556 1223 finem
1578 1183 1807 1224 Alcestidis

135 1251 191 1277 no
207 1244 282 1278 ata
302 1244 400 1279 sunt
