2118 3366
927 135 1370 186 ΕΤΡΙΠΙΔΟΎ

430 262 539 328 ἐμοὶ
568 264 623 315 δὲ
654 260 778 328 πρὸς
811 264 872 316 σὲ
902 262 1035 315 τόνδ’
1068 264 1426 318 ἐπιστέλλουσ’
1455 266 1611 335 ἄγειν,

427 345 612 413 τέρψαι
643 344 877 400 θέλοντες
909 346 1006 412 σὴν
1037 345 1198 416 φρέν’·
1243 351 1299 401 ἐκ
1327 352 1424 417 γὰρ
1454 352 1687 421 εὐτυχοῦς

429 429 634 494 ἥδιστον
665 429 847 497 ἐχθρὸν
879 429 1033 497 ἄνδρα
1066 432 1394 501 δυστυχοΰνθ’
1426 434 1561 501 ὁρᾶν.
1891 452 1978 492 940

312 517 402 567 Αλ.
431 511 468 565 ὦ
498 518 664 579 μῖσος,
697 513 856 578 ἥκεις,·
906 513 1013 566 εῖλέ
1045 514 1093 565 σ’
1125 516 1156 581 ἡ
1190 517 1317 582 Δίκη
1348 517 1537 588 χρόνῳ,·

427 602 624 664 πρῶτον
652 599 744 663 μὲν
775 597 861 649 οὖν
891 619 977 663 μοι
1009 598 1139 665 δεῦρ’
1171 598 1483 667 ε’πίστρεψον
1514 599 1638 668 κάρα

428 681 508 733 καὶ
537 683 684 745 τλῆθι
712 680 827 734 τοὺς
851 680 971 735 σοὺς
1004 681 1354 748 προσβλέπειν
1387 685 1614 736 ἐναντίον

430 764 654 832 ἐχθρούς·
701 765 853 835 κρατῇ
883 766 979 832 γὰρ
1010 770 1098 818 νῦν
1128 787 1189 833 γε
1221 768 1307 819 κού
1337 773 1529 834 κρατεῖς
1560 767 1649 821 ἔτι.

428 849 615 901 ἐκεῖνος
646 847 696 900 εἴ
720 848 1115 914 σύ-βούλομαι
1145 851 1241 917 γὰρ
1272 850 1527 903 εἷδέναι-
1898 870 1977 910 945

428 930 482 985 ὃς
512 933 681 984 πολλὰ
710 934 802 998 μὲν
833 931 921 984 τὸν
953 933 1058 985 ὄνθ’
1090 934 1214 986 ὅπου
1244 933 1346 987 ’στὶ
1375 939 1464 987 νῦν
1493 934 1614 1001 ἐμὸν

428 1015 560 1068 παῖδ’
590 1014 824 1081 ἠξίωσας,
859 1014 896 1068 ὦ
929 1017 1182 1085 πανοῦργ’,
1216 1019 1517 1085 ἐφυβρίσαις

427 1101 480 1152 τί
505 1101 602 1168 γὰρ
634 1099 697 1152 σὺ
730 1105 894 1153 κεῖνον
925 1101 1012 1153 οὐκ
1043 1101 1190 1167 ἔτλης
1221 1103 1548 1170 καθυβρίσαι,·

428 1183 483 1238 ὃς
513 1184 592 1236 καὶ
622 1183 738 1250 παρ’
759 1182 941 1250 ’Ἃιδην
976 1185 1133 1250 ζῶντά
1161 1207 1240 1239 νιν
1269 1185 1562 1255 κατήγαγες,

427 1269 576 1336 ὕδρας
604 1268 815 1323 λέοντάς
844 1269 888 1321 τ’
922 1269 1262 1335 ἐξαπολλύναι
1290 1270 1456 1338 λέγων
1898 1287 1981 1328 950

430 1352 662 1419 ἔπεμπες.
752 1352 886 1405 ἄλλα
917 1354 958 1404 δ’
992 1354 1053 1406 οῖ’
1085 1357 1318 1424 ἐμηχανῶ
1353 1357 1476 1407 κακὰ

430 1442 576 1505 σιγῶ·
621 1437 806 1505 μακρὸς
835 1440 930 1506 γὰρ
961 1442 1114 1504 μῦθος
1145 1439 1206 1491 ἂν
1235 1439 1435 1507 γένοιτό
1463 1461 1563 1506 μοι.

431 1521 546 1574 κούκ
576 1520 789 1588 ἤρκεσέν
822 1544 905 1575 σοι
938 1527 1090 1574 ταῦτα
1120 1527 1370 1589 τολμῆσαι
1399 1525 1569 1592 μόνον,

431 1606 545 1658 ἀλλ’
578 1605 637 1670 ἐξ
663 1605 863 1671 ἁπάσης
896 1607 1020 1673 κάμὲ
1053 1608 1131 1659 καὶ
1161 1607 1289 1660 τέκν’
1320 1607 1571 1662 Ἑλλάδος

429 1691 643 1757 ἤλαυνες
675 1690 837 1745 ἱκέτας
869 1692 1117 1757 δαιμόνων
1150 1692 1469 1759 καθημένους,
1895 1709 1978 1752 955

432 1776 547 1829 τοὺς
576 1777 669 1841 μὲν
698 1774 954 1843 γέροντας,
987 1776 1101 1830 τοὺς
1133 1779 1185 1828 δὲ
1214 1779 1417 1842 νηπίους
1449 1777 1538 1829 ἔτι.

431 1859 547 1911 ἀλλ’
578 1860 720 1927 ηὗρες
751 1859 933 1927 ἄνδρας
966 1861 1043 1912 καὶ
1077 1860 1284 1927 πόλισμ’
1317 1862 1596 1928 ἐλεύθερον,

431 1945 482 1996 οἵ
510 1943 557 1994 σ’
589 1943 675 1994 οὐκ
707 1944 925 1998 ἔδεισαν.
1010 1948 1089 1998 δεῖ
1118 1968 1179 1998 σε
1211 1949 1468 1998 κατθανεῖν
1499 1950 1673 2004 κακῶς,

432 2028 510 2080 καὶ
543 2032 791 2095 κερδανεῖς
823 2028 1036 2081 ἅπαντα·
1081 2032 1209 2097 χρῆν
1237 2031 1333 2097 γὰρ
1363 2029 1457 2098 οὐχ
1487 2028 1624 2094 ἅπαξ

432 2114 667 2186 θνῄσκειν
699 2115 759 2165 σὲ
790 2115 960 2164 πολλὰ
991 2112 1171 2179 πήματ’
1205 2112 1602 2181 ἐξειργασμένον.
1896 2119 1981 2171 960

305 2201 395 2249 Χο.
434 2197 523 2248 οὐκ
552 2196 656 2248 ἔστ’
689 2196 905 2249 ἀνυστὸν
936 2198 1080 2250 τόνδε
1112 2219 1194 2249 σοι
1226 2202 1565 2250 κατακτανεῖν.

308 2285 398 2334 Θε.
431 2280 600 2335 ἄλλως
630 2280 705 2348 ἄρ’
738 2281 886 2333 αὐτὸν
917 2281 1240 2350 αἰχμάλωτον
1272 2282 1494 2348 εἵλομεν,·

306 2369 400 2417 Αλ.
434 2366 586 2433 εἴργει
617 2367 669 2416 δὲ
701 2365 758 2430 δὴ
791 2367 865 2420 τίς
895 2367 1040 2418 τόνδε
1068 2366 1135 2432 μὴ
1170 2368 1403 2439 θνῄσκειν
1430 2366 1606 2431 νόμος,·

308 2453 397 2501 Χο.
431 2454 533 2503 τοῖς
562 2452 718 2514 τῆσδε
747 2450 913 2517 χώρας
945 2449 1312 2518 προστάταισιν
1341 2450 1398 2502 οὗ
1428 2454 1576 2502 δοκεῖ.

308 2537 403 2586 Αλ.
436 2534 487 2585 τί
514 2533 570 2598 δὴ
603 2533 728 2594 τόδ’,·
775 2534 982 2602 ἐχθροὺς
1014 2535 1190 2587 τοισίδ’
1223 2535 1278 2586 οὐ
1309 2534 1464 2587 καλὸν
1496 2538 1715 2596 κτανεῖν,·
1894 2540 1975 2592 965

360 2664 442 2702 943
471 2651 723 2706 προβλέπειν
745 2651 779 2691 Ρ
906 2653 1111 2695 ἐναντίους
1133 2652 1166 2691 L
1182 2652 1216 2691 P
1235 2667 1244 2692 :
1273 2665 1382 2694 corr.
1409 2651 1599 2702 Elmsley
1789 2664 1873 2702 949
1901 2651 1976 2702 ἅδη

309 2706 413 2747 LP:
454 2720 562 2748 corr.
595 2707 754 2747 Aldina
885 2707 1139 2760 κατήγαγες]
1173 2707 1283 2748 κάτω
1312 2724 1360 2748 τε
1388 2710 1467 2759 γῆς
1497 2706 1658 2746 Reiske
1867 2718 1976 2757 950-

307 2773 389 2812 952
419 2762 606 2812 suspecti
772 2773 854 2812 959
882 2764 964 2815 χρὴ
986 2762 1021 2801 L
1036 2762 1070 2801 P
1089 2776 1099 2802 :
1125 2775 1232 2802 corr.
1250 2762 1413 2801 Reiske
1576 2762 1769 2812 961-972
1788 2761 1975 2800 Chorum

308 2823 351 2856 et
386 2817 589 2856 Nuntium
626 2817 734 2870 (ἀγ.)
769 2817 1064 2867 colloquentes
1096 2817 1304 2867 praebent
1338 2816 1372 2855 L
1388 2815 1436 2865 P,
1474 2821 1560 2854 tum
1603 2828 1686 2867 973
1726 2815 1975 2855 Alcmenam

308 2872 665 2922 interpellantem.
730 2871 814 2911 Pro
837 2871 999 2911 Nuntio
1013 2871 1264 2912 Alcmenam
1283 2871 1497 2910 substituit
1512 2870 1702 2919 Barnes;
1730 2883 1808 2923 pro
1830 2870 1978 2909 Chora

311 2926 515 2966 Nuntium
536 2927 755 2977 Tyrwhitt
778 2925 846 2978 (cf.
869 2926 922 2965 ad
942 2939 981 2967 V.
1010 2927 1147 2978 1018),
1169 2926 1252 2965 hoc
1271 2926 1445 2975 quidem
1465 2937 1690 2975 perperam
1878 2926 1974 2974 962,

309 2982 389 3030 963
419 2981 581 3021 Ambos
603 2981 764 3020 Nuntio
785 2980 974 3020 tribuunt
993 2980 1083 3033 LP,
1104 2981 1251 3020 ambos
1265 2980 1499 3020 Alcmenae
1516 2979 1682 3019 Barnes
1791 2980 1875 3029 965
1904 2980 1971 3033 ἀγ.

311 3035 442 3086 praef.
470 3037 502 3075 L
519 3036 552 3074 P
