2118 3366
726 118 1223 167 ΗΡΑΚΛΕῙΔΑΙ

267 246 384 299 ἀλλ’
413 244 445 319 ᾗ
471 245 654 314 γένοιτ’
687 244 750 297 ἂν
780 244 1111 312 ἐνδικωτέρως
1141 244 1341 312 φράσω·

265 329 431 384 πάσας
453 331 686 397 -ἆδελφᾶς
715 332 872 393 τῆσδε
902 333 1043 396 δεῦρο
1072 329 1170 397 χρὴ
1203 334 1391 391 καλεῖν,

267 413 375 482 κᾷθ’
404 414 435 481 ἡ
465 417 697 481 λαχοῦσα
728 411 983 484 θνῃσκέτω
1014 412 1189 479 γένους
1217 413 1359 480 ὕπερ·
1729 434 1807 475 545

266 499 328 549 σὲ
356 496 399 549 δ’
431 497 488 548 οὐ
519 498 707 549 δίκαιον
739 500 998 549 κατθανεῖν
1028 495 1146 549 ἄνευ
1175 496 1356 549 πάλου.

129 584 245 633 ·Μα.
266 581 352 632 οὐκ
382 580 442 632 ἂν
473 579 669 646 θάνοιμι
699 588 761 653 τῇ
792 581 919 652 τύχῃ
949 579 1166 647 λαχοῦσ’
1198 581 1316 647 ἐγώ·

263 663 409 732 χάρις
437 666 532 732 γὰρ
562 664 618 715 οὗ
650 665 912 731 πρόσεστι·
959 663 1026 729 μὴ
1056 662 1223 735 λέξῃς,
1256 662 1421 731 γέρον.

263 748 397 807 ἀλλ’,
430 750 474 800 εἷ
501 750 592 813 μὲν
623 746 894 816 ἐνδέχεσθε
926 748 1005 799 καὶ
1033 747 1289 812 βούλεσθέ
1318 769 1403 813 μοι

264 834 486 899 χρῆσθαι
514 831 792 898 προθύμως,
825 830 916 895 τὴν
949 830 1070 896 ε’μὴν
1099 830 1275 898 ψυχὴν
1307 832 1405 898 ἐγὼ
1725 850 1807 890 550

264 915 431 981 δίδωμ’
465 918 648 968 ἑκοῦσα
676 914 852 974 τοῖσδ’,
887 915 1267 982 ἆναγκασθεῖσα
1297 915 1338 967 δ’
1370 915 1442 968 οὔ.

142 1003 210 1053 lo.
268 1003 397 1066 φεῦ·,

262 1082 336 1135 ὅδ’
367 1083 427 1135 αὖ
455 1084 622 1150 λόγος,
640 1103 724 1135 σοι
754 1088 840 1135 τοῦ
869 1084 985 1150 πρὶν
1016 1082 1381 1151 εὐγενέστερος·

263 1168 487 1221 κάκεῖνος
517 1166 577 1232 ἦν
608 1166 828 1235 ἄριστος·
876 1167 992 1219 ἀλλ’
1024 1167 1317 1235 ὑπερφέρεις

262 1252 422 1324 τόλμῃ
451 1273 507 1304 τε
536 1252 730 1317 τόλμαν
762 1252 840 1303 καὶ
869 1253 1006 1322 λόγῳ
1037 1257 1242 1322 χρηστῷ
1272 1253 1445 1319 λόγον.
1725 1269 1804 1308 555

263 1336 320 1387 οὗ
348 1335 447 1402 μὴν
479 1336 663 1389 κελεύω
694 1335 743 1403 γ’
774 1336 874 1387 οὐδ’
905 1335 1181 1396 ἀπεννέπω,
1214 1334 1405 1396 τέκνον,

263 1422 497 1493 θνῄσκειν
528 1419 595 1470 σ’·
642 1420 893 1488 ἀδελφοὺς
926 1420 968 1471 δ’
1000 1420 1217 1488 ὠφελεῖς
1247 1424 1468 1472 θανοῦσα
1500 1420 1634 1474 σούς.

140 1507 242 1560 Μα.
266 1509 439 1573 σοφῶς
470 1505 703 1559 κελεύεις·
748 1504 815 1571 μὴ
847 1504 1028 1576 τρέσῃς
1057 1503 1339 1570 μιάσματος

261 1589 443 1655 τούμοῦ
470 1594 761 1658 μετασχεῖν,
797 1589 912 1641 ἀλλ’
945 1587 1218 1654 ἐλευθέρως
1247 1587 1398 1640 θάνω.

344 1674 466 1727 ἕπου
494 1673 562 1735 δέ,
598 1673 815 1741 πρέσβυ·
864 1681 930 1746 σῇ
962 1675 1056 1741 γὰρ
1086 1674 1309 1726 ἐνθανεῖν
1338 1674 1450 1741 χερὶ
1723 1677 1805 1728 5⁶0

262 1757 411 1810 θέλω·
456 1757 667 1812 πέπλοις
698 1761 751 1810 δὲ
783 1757 908 1824 σῶμ’
943 1757 1060 1823 ἐμὸν
1092 1757 1284 1823 κρύψον
1314 1758 1500 1825 παρών·

263 1842 370 1895 ἐπεὶ
400 1846 604 1910 σφαγῆς
634 1863 694 1910 γε
726 1842 848 1909 πρὸς
878 1841 935 1893 τὸ
967 1840 1129 1894 δεινὸν
1160 1839 1252 1906 εἶμ’
1284 1841 1399 1907 ἐγώ,

262 1929 399 1994 εἴπερ
430 1926 629 1994 πέφυκα
658 1926 843 1993 πατρὸς
874 1926 1024 1992 οὗπερ
1055 1926 1278 1992 εὔχομαι.

143 2014 205 2062 [ο.
265 2011 352 2063 οὐκ
382 2010 443 2063 ἂν
473 2011 710 2076 δυναίμην
742 2015 815 2080 σῷ
848 2008 1157 2076 παρεστάναι
1185 2008 1336 2077 μόρῳ.

137 2097 241 2146 Μα.
263 2095 328 2147 σὺ
357 2094 400 2145 δ’
433 2095 568 2146 ἀλλὰ
597 2099 739 2147 τοῦδε
769 2095 934 2167 χρῇζε,
969 2092 1035 2159 μή
1066 2092 1114 2159 μ’
1149 2093 1201 2144 ἐν
1232 2091 1476 2159 ἀρσένων,
1720 2095 1800 2147 565

261 2177 377 2230 ἀλλ’
409 2181 463 2231 ἐν
492 2184 752 2246 γυναικῶν,
787 2179 966 2246 χερσὶν
999 2180 1267 2229 ἐκπνεῦσαι
1295 2177 1430 2242 βίον.

138 2267 232 2327 Δη.
254 2262 397 2315 ἔσται
425 2262 547 2322 τάδ’,
580 2260 618 2314 ὦ
648 2262 859 2315 τάλαινα
889 2260 1163 2329 παρθένων,
1197 2259 1305 2312 ἐπεὶ

261 2347 405 2412 κᾶμοὶ
435 2347 536 2399 τόδ’
567 2348 799 2415 αἰσχρόν,
831 2345 898 2412 μή
931 2368 990 2398 σε
1023 2348 1318 2411 κοσμεῖσθαι
1350 2347 1528 2402 καλῶς,

259 2436 465 2484 πολλῶν
497 2432 648 2491 ἕκατι,
682 2434 770 2496 τῆς
800 2452 854 2483 τε
886 2433 979 2495 σῆς
1010 2429 1254 2498 εὐψυχίας

262 2516 341 2568 καὶ
370 2520 457 2567 τοῦ
486 2517 689 2568 δικαίου·
735 2513 1145 2580 τλημονεστάτην
1175 2516 1230 2565 δὲ
1261 2515 1322 2564 σὲ
1719 2524 1801 2566 570

259 2604 439 2652 πασῶν
468 2604 711 2668 γυναικῶν
744 2599 875 2651 εἶδον
906 2600 1188 2666 ὀφθαλμοῖς
1219 2597 1334 2665 ἐγώ.

189 2727 270 2765 549
298 2714 514 2763 βούλοισθε
536 2715 640 2756 LP:
673 2726 781 2755 corr.
801 2713 817 2752 I
952 2725 1034 2763 550
1061 2711 1248 2766 προθύμῳ
1269 2711 1435 2750 Barnes
1574 2719 1650 2758 551
1683 2706 1801 2756 τῆσδ’

138 2769 172 2809 Ρ
379 2781 457 2819 557
489 2770 526 2810 ο·’
551 2768 742 2809 Reiske:
771 2767 814 2821 γ’
838 2768 919 2807 LP
1049 2767 1083 2808 δ’
1104 2767 1198 2807 add.
1224 2766 1393 2805 Barnes
1594 2763 1675 2813 558
1704 2774 1799 2813 sqq.

135 2824 196 2863 sic
217 2824 404 2874 disponit
423 2823 737 2864 Wilamowitz:
780 2838 818 2864 σ.
843 2821 1034 2870 κελεύεις,
1062 2821 1158 2862 ἀλλ’
1182 2852 1192 2862 .
1214 2847 1225 2860 .
1247 2850 1256 2859 .
1280 2818 1452 2871 πρέσβυ,
1473 2819 1530 2870 μὴ
1550 2818 1699 2871 τρέσας
1720 2848 1731 2858 .
1752 2846 1763 2858 .
1789 2846 1799 2856 .

137 2879 558 2974 ’ίῖἔὲέῖἄεΐῖᾲῖἷῖἕᾶρ
577 2888 741 2987 ”“”“ἒὲε
773 2876 1054 2985 κοῖἶξσὶῗῖῥ
1070 2889 1080 2917 ²
1111 2891 1159 2915 ‘⁷⁴‘
1183 2875 1246 2914 L²
1275 2875 1354 2924 σὺν
1376 2873 1410 2912 P
1582 2874 1662 2922 ⁵⁶⁷
1693 2879 1799 2922 Δημ·

246 3012 348 3046 EUR-
374 3013 402 3045 ι.
1584 2998 1633 3045 μ
