2118 3366
838 143 1152 190 ΜΗΔΕΙΑ

291 272 510 338 οἷκήσετ’
540 273 637 324 αἰεὶ
664 271 848 340 μητρὸς
877 271 1217 339 ἐστερημένοι·

291 345 389 425 ἐγὼ
420 357 461 408 δ’
493 359 543 410 ἐς
573 356 736 420 ἄλλην
766 361 915 423 γαῖαν
946 355 1046 420 εἶμι
1076 355 1134 419 δὴ
1167 354 1347 422 φυγάς,

289 442 404 509 πρὶν
436 445 583 510 σφῷν
613 439 826 492 ὀνάσθαι
859 441 1084 492 κάπιδεῖν
1114 439 1418 503 εὐδαίμονας,
1723 456 1828 495 1025

235 553 237 555 ·
287 525 403 591 πρὶν
430 523 614 590 λέκτρα
643 524 724 575 καὶ
753 528 966 591 γυναῖκα
998 524 1077 574 καὶ
1107 523 1383 590 γαμηλίους

289 609 433 661 εὐνὰς
464 610 650 674 ἀγῆλαι
677 607 944 673 λαμπάδας
973 606 1016 658 τ’
1049 608 1365 674 ἀνασχεθεῖν.

289 690 327 743 223
358 691 667 744 δυστάλαινα
695 694 782 756 τῆς
815 694 934 757 ἐμῆς
965 691 1215 744 αὐθαδίας.

289 775 459 829 ἄλλως
488 775 562 842 ἄρ’
591 777 731 840 ὑμᾶς,
764 773 802 826 ὦ
834 774 982 834 τέκν’,
1016 773 1376 841 ἐξεθρεψάμην,

289 859 458 913 ἄλλως
487 858 528 910 δ’
561 859 806 927 ἐμόχθουν
842 859 919 910 καὶ
950 857 1253 923 κατεξάνθην
1282 858 1470 915 πόνοις,
1722 871 1829 911 1030

290 944 499 1009 στερρὰς
528 942 783 1009 ἐνεγκοῦσ’
816 945 869 994 ἐν
899 944 1062 996 τόκοις
1093 942 1389 1009 ἀλγηδόνας.

289 1026 320 1092 ἢ
348 1025 446 1092 μήν
473 1026 585 1078 ποθ’
615 1026 645 1091 ἡ
678 1026 924 1092 δύστηνος
955 1026 1095 1094 εἶχον
1127 1026 1335 1079 ἐλπίδας

289 1112 484 1163 πολλᾶς
514 1112 567 1162 ἐν
596 1111 724 1175 ὑμῖν,
758 1108 1166 1178 γηροβοσκήσειν
1196 1108 1238 1160 τ’
1270 1111 1358 1174 ἐμὲ

287 1195 369 1255 ,καὶ
402 1198 743 1247 κατ-θανοῦσαν
774 1195 953 1262 χερσὶν
984 1195 1037 1246 εὖ
1068 1198 1401 1260 περιστελεῖν,

293 1278 508 1344 ζηλωτὸν
540 1278 864 1345 ἀνθρώποισι·
910 1283 997 1330 νῦν
1027 1277 1069 1330 δ’
1098 1280 1264 1329 ὄλωλε
1294 1276 1353 1341 δὴ
1720 1291 1824 1332 1035

288 1367 495 1431 γλυκεῖα
525 1364 746 1430 φροντίς.
837 1367 985 1432 σφῷν
1015 1363 1108 1429 γὰρ
1141 1360 1442 1428 ἐστερημένη

288 1446 478 1514 λυπρὸν
507 1445 656 1511 διάξω
687 1448 864 1512 βίοτον
895 1447 1132 1514 ἀλγεινόν
1162 1445 1203 1497 τ’
1235 1447 1358 1511 ἐμοί.

288 1533 427 1596 ὑμεῖς
456 1533 509 1583 δὲ
538 1531 708 1598 μητέρ’
743 1530 900 1583 οὐκέτ’
932 1533 1150 1596 ὄμμασιν
1182 1531 1352 1597 φίλοις

232 1614 491 1687 Ν-ᾅψζεσθζ
525 1617 576 1669 ἐς
606 1614 734 1667 ἄλλο
768 1615 924 1683 σχῆμ’
957 1613 1267 1668 ἀποστάντες
1295 1615 1430 1679 βίου.

213 1681 233 1793 φ
373 1703 469 1766 φεῦ
499 1704 611 1767 φεῦ·
658 1700 710 1750 τί
736 1698 1108 1766 προσδέρκεσθέ
1136 1698 1187 1765 μ’
1219 1701 1456 1764 ὄμμασιν,
1488 1695 1660 1757 τέκνα,·
1716 1714 1828 1753 1040

204 1793 221 1842 l
289 1784 341 1835 τί
365 1787 683 1851 προσγελᾶτε
712 1783 799 1835 τὸν
828 1783 1145 1836 πανύστατον
1174 1782 1338 1850 γέλων
1347 1804 1363 1843 ,·

291 1869 410 1920 αἰαῖ·
454 1869 507 1919 τί
531 1867 725 1935 δράσω,·
775 1870 947 1933 καρδία
976 1869 1072 1935 γὰρ
1104 1869 1312 1935 οἴχεται,

291 1956 532 2019 γυναῖκες,
567 1954 700 2017 ὄμμα
732 1951 944 2019 φαιδρὸν
976 1952 1040 2005 ὡς
1070 1951 1203 2004 εἶδον
1232 1951 1434 2003 τέκνων.

78 2037 157 2127 Ἷίς
289 2036 376 2087 οὐκ
406 2035 468 2088 ἂν
498 2037 753 2101 δυναίμην·
800 2035 1015 2103 χαιρέτω
1046 2036 1367 2101 βουλεύματα

38 2092 76 2155 ’ὃ
136 2167 190 2211 ν
290 2122 353 2171 τὰ
381 2121 618 2187 πρόσθεν·
665 2117 766 2183 ἄξω
798 2123 980 2174 παῖδας
1008 2122 1062 2171 ἐκ
1091 2121 1237 2187 γαίας
1269 2120 1429 2184 ἐμούς.
1719 2133 1827 2176 1045

81 2214 138 2257 Ε*
242 2200 249 2224 ³
291 2205 344 2256 τί
367 2208 446 2256 δεῖ
470 2227 533 2270 με
562 2203 750 2271 πατέρα
780 2208 939 2256 τῶνδε
968 2209 1071 2258 τοῖς
1100 2204 1287 2255 τούτων
1320 2208 1486 2255 κακοῖς

305 2293 548 2341 λυποῦσαν
579 2288 731 2353 αὐτὴν
764 2289 836 2342 δὶς
866 2290 993 2340 τόσα
1028 2291 1237 2339 κτᾶσθαι
1268 2287 1415 2348 κακά;

291 2374 348 2425 οὗ
378 2373 480 2438 δῆτ’
511 2373 687 2441 ἔγωγε.
774 2372 990 2441 χαιρέτω
1021 2373 1358 2438 βουλεύματα.

376 2459 532 2509 καίτοι
562 2460 616 2510 τί
639 2457 823 2525 πάσχω
832 2479 848 2517 ;
896 2457 1147 2522 βούλομαι
1177 2455 1357 2523 γέλωτ’
1388 2457 1572 2523 ὀφλεῖν

292 2542 499 2610 ἐχθροὺς
526 2546 737 2608 μεθεῖσα
767 2541 880 2595 τοὺς
911 2541 1056 2606 ἐμοὺς
1088 2541 1341 2605 ἀζημίους;
1721 2556 1830 2593 Ῑ050

290 2626 565 2692 τολμητέον
594 2625 715 2678 τάδ’.
806 2628 941 2676 ἀλλὰ
970 2628 1058 2688 τῆς
1090 2626 1209 2689 ἐμῆς
1242 2623 1406 2688 κάκης,

226 2747 331 2784 1026
359 2744 512 2800 λέκτρα
525 2744 722 2797 πορσῦναί
735 2761 782 2784 τε
802 2742 954 2781 Kaibel
1082 2754 1184 2791 1027
1217 2741 1318 2780 Post
1334 2741 1376 2780 h.
1392 2754 1429 2780 v.
1450 2739 1579 2778 unius
1591 2753 1629 2778 v.
1648 2740 1832 2790 spatium

167 2812 345 2839 vacuum
366 2800 410 2838 in
423 2800 463 2839 A
582 2812 688 2849 1030
709 2799 743 2839 δ’
761 2811 928 2836 erasum
944 2798 986 2834 in
1006 2797 1039 2835 L
1148 2808 1251 2846 1035
1272 2793 1341 2845 δὴ]
1356 2796 1430 2845 δὴν
1443 2795 1483 2833 V
1594 2807 1697 2844 1037
1721 2794 1829 2845 ἐμοί]

169 2856 251 2907 ἐγώ
287 2854 482 2894 Schmidt
529 2893 532 2897 ,
707 2866 814 2902 1040
852 2852 913 2903 μ’]
948 2852 1009 2902 ἔμ’
1040 2850 1075 2888 Β
1107 2852 1233 2894 (corr.
1273 2849 1341 2900 B2)
1364 2864 1373 2889 :
1413 2862 1494 2888 orn.
1527 2848 1567 2887 V
1708 2848 1833 2890 τέκνα

171 2908 203 2947 L
218 2908 300 2947 PB
319 2922 328 2948 :
358 2909 493 2962 φίλοις
513 2908 606 2948 AV
758 2920 863 2956 1043
893 2904 1079 2958 φαιδρὸνἹ
1102 2906 1276 2958 τερπνὸν
1298 2905 1332 2943 Β
1482 2904 1586 2953 1046
1613 2920 1662 2954 με
1685 2916 1766 2943 om.
1792 2903 1832 2941 A

172 2964 277 3013 1048
304 2979 370 3017 γρ.
394 2964 458 3005 καὶ
477 2962 680 3015 παύσομαι
700 2959 990 3011 βουλευμάτων
1011 2964 1042 3003 Σ
1056 2959 1091 2998 Β
1791 2998 1792 3001 ,
