2118 3366
784 98 1305 153 PRAEFATIO

203 242 345 294 inter
369 240 420 294 L
445 250 503 295 et
537 240 611 293 L2
637 250 691 295 et
726 243 753 295 l
781 249 1013 304 servat0,
1040 241 1187 293 hunc
1223 241 1473 294 codicem
1509 257 1610 293 suo
1641 241 1762 292 loco
1796 257 1878 292 re-

203 328 397 380 stituit.
475 327 578 380 Est
604 328 748 380 enim
777 329 828 379 L
853 336 908 380 et
934 328 1174 379 sincerus
1202 335 1257 379 et
1285 328 1462 379 bonae
1492 327 1714 393 originis
1743 325 1879 378 liber

202 423 258 466 et
296 422 545 466 accurate
578 414 826 483 scriptus,
860 421 917 466 et
952 421 1118 477 certe,
1151 412 1197 464 si
1237 429 1527 464 numerum
1567 412 1878 463 fabularum

202 507 431 568 spectaS,
456 501 807 569 gravissimus
840 499 1085 551 omnium
1114 499 1555 566 Euripideorum.
1636 496 1806 565 Quod
1834 498 1878 547 si

201 585 274 637 ab
299 585 511 655 optimo
536 586 726 638 codice
754 586 815 637 M
843 585 931 637 hic
956 602 1081 636 cum
1102 592 1348 651 cognato
1365 572 1465 636 suo
1491 583 1541 634 P·
1563 583 1879 651 longissime

202 673 424 735 recedit,
439 689 549 724 non
573 672 832 724 continuo
857 672 916 724 id
935 671 1070 723 vitio
1092 670 1411 723 habendum
1439 677 1522 721 est
1549 678 1645 721 aut
1672 669 1757 721 his
1783 676 1879 721 aut

204 758 296 810 illi.
370 757 683 827 Archetypi
711 758 793 809 sui
820 765 1051 826 uterque
1077 756 1336 809 lectiones
1361 764 1615 808 accurate
1637 755 1879 822 plerum-

201 860 309 911 que
348 844 607 906 tradidit;
665 853 718 896 et
759 843 813 895 in
857 843 1195 911 gravioribus
1237 842 1434 894 saltem
1480 841 1878 910 discrepantiiS‚

201 947 328 983 curn
366 948 441 982 ex
477 931 581 983 hac
617 939 773 998 parte
810 937 919 982 stet
952 929 1003 981 L
1037 946 1161 981 cum
1199 929 1258 990 P,
1285 947 1357 981 ex
1395 929 1569 980 altera
1609 928 1668 978 M
1710 929 1878 979 adsti-

203 1016 519 1085 pulantibus
540 1016 732 1078 AVB,
751 1034 860 1067 non
886 1016 1027 1067 inter
1052 1015 1199 1084 ipsos
1227 1014 1442 1066 codices
1463 1014 1878 1066 diiudicandum

200 1111 302 1169 est,
337 1102 480 1155 hunc
526 1102 858 1155 duodecimo
902 1102 1121 1154 saeculo
1165 1102 1447 1169 scriptum,
1487 1100 1641 1152 illum
1686 1110 1880 1168 quarto

201 1188 435 1253 decimo,
459 1189 555 1240 sed
584 1189 722 1241 inter
756 1188 1015 1241 lectiones
1050 1189 1157 1240 iam
1195 1188 1390 1255 quinto
1426 1199 1474 1238 Ρ.
1494 1199 1542 1239 C.
1572 1188 1788 1239 saeculo
1825 1189 1875 1239 in

202 1274 410 1326 scriniis
442 1276 729 1327 doctorum
765 1275 1055 1327 hominum
1092 1275 1336 1326 inventas
1375 1282 1428 1325 et
1465 1274 1537 1325 ad
1571 1291 1669 1325 nos
1708 1291 1879 1342 usque

202 1358 435 1413 fideliter
483 1362 844 1414 transmissas.
946 1362 1097 1414 Nam
1150 1368 1276 1413 sunt
1325 1378 1455 1412 sane
1516 1361 1626 1411 duo
1677 1378 1880 1428 genera

201 1447 468 1509 codicum,
511 1464 612 1500 nec
655 1456 841 1500 tamen
886 1466 1054 1500 unum
1101 1448 1386 1511 sincerum,
1432 1447 1665 1498 alterum
1714 1447 1877 1499 inter-

201 1533 467 1600 polatum,
488 1542 547 1586 ut
568 1542 694 1603 post
718 1534 1123 1587 Kirchhoffium
1145 1551 1333 1587 omnes
1354 1542 1548 1603 putare
1571 1534 1879 1599 didicimuS‚

200 1622 295 1674 sed
319 1639 486 1674 unum
508 1623 699 1674 decem
720 1622 931 1674 fabulas
952 1622 1311 1689 complexum
1332 1621 1553 1674 scholiis
1574 1622 1881 1688 instructaS,

200 1708 434 1760 alterum
486 1707 699 1761 fabulas
751 1710 1125 1778 duodeviginti
1185 1709 1273 1761 vel
1332 1709 1497 1761 etiam
1549 1708 1733 1776 plures
1782 1711 1880 1761 sed

198 1795 405 1848 scholia
453 1795 618 1848 nulla.
723 1795 1002 1848 Credibile
1049 1804 1146 1862 est,
1192 1814 1256 1848 ea
1308 1797 1690 1863 reputantibus
1740 1814 1882 1865 quae

198 1883 266 1935 de
292 1882 393 1935 hac
420 1899 477 1934 re
512 1882 788 1951 praeclare
820 1883 1125 1950 disputavit
1158 1882 1635 1946 WilamowitziuS,
1665 1884 1880 1936 codices

200 1967 261 2019 M
279 1967 337 2019 A
355 1969 400 2020 B
417 1969 472 2021 V
498 1969 762 2037 originem
791 1970 1010 2022 trahere
1031 1988 1103 2022 ex
1124 1987 1288 2039 opere
1312 1969 1561 2022 Sallustii
1591 1970 1876 2022 cuiusdam

196 2054 414 2106 —illius
438 2054 667 2107 fortasse
694 2056 788 2124 qui
818 2057 1033 2108 Iuliano
1063 2055 1285 2109 Caesari
1310 2065 1465 2108 tutor
1490 2074 1522 2107 a
1550 2055 1877 2109 Constantio

196 2141 539 2209 praepositus
566 2141 839 2211 fuit—qui
866 2144 1055 2195 decem
1083 2143 1297 2195 fabulas
1325 2142 1608 2210 Euripidis
1637 2142 1689 2194 in
1717 2161 1875 2195 usum

196 2225 504 2280 scholarum
531 2227 758 2280 selectas
793 2229 847 2280 in
878 2230 1127 2281 ordinem
1162 2229 1453 2298 dispositas
1480 2231 1876 2282 commentario

197 2314 483 2367 instructas
509 2315 770 2367 ediderit:
810 2316 863 2366 in
887 2315 1259 2369 Laurentiano
1279 2324 1465 2368 autern
1492 2325 1874 2369 conservatum

195 2417 314 2451 esse
363 2400 732 2470 fragmentum
783 2402 1036 2454 editionis
1087 2420 1315 2471 poeseos
1372 2402 1704 2470 Euripideae
1756 2405 1872 2455 uni-

195 2503 399 2554 versae,
425 2488 647 2555 qualem
686 2487 920 2539 confecit
956 2488 1363 2556 Aristophanes
1399 2488 1719 2557 Byzantius,
1746 2508 1869 2541 cum

196 2574 528 2641 argumentis
579 2583 633 2626 et
682 2592 1039 2641 personarum
1094 2575 1359 2645 catalogis
1408 2576 1503 2627 sed
1555 2576 1672 2628 sine
1723 2594 1872 2628 corn-

196 2659 478 2712 mentario.
574 2659 736 2713 Certe
798 2678 907 2712 non
968 2679 1040 2712 ex
1095 2662 1208 2713 alta
1270 2661 1598 2729 antiquitate
1657 2663 1872 2715 diversa

197 2745 410 2798 suerunt
472 2745 607 2798 haec
670 2747 778 2798 duo
842 2763 1074 2814 genera;
1151 2765 1278 2799 nam
1342 2748 1592 2816 quamvis
1654 2750 1871 2817 saepius

202 2831 253 2884 L
274 2831 420 2884 solus
448 2833 534 2884 vel
564 2832 613 2884 L
631 2832 672 2883 P
700 2831 799 2885 soli
828 2841 1016 2885 contra
1043 2842 1252 2886 ceteros
1277 2841 1437 2898 stent,
1456 2852 1565 2887 non
1586 2852 1866 2904 nunquam

203 2928 390 2971 tamen
428 2919 483 2970 V
509 2918 558 2969 L
598 2929 788 2971 contra
837 2920 895 2971 M
926 2919 1001 2984 A,
1038 2928 1203 2987 atque
1239 2921 1382 2972 adeo
1421 2920 1538 2989 (sed
1585 2922 1689 2974 hoc
1735 2940 1866 2975 sane

194 3004 386 3071 rarius)
439 3005 499 3056 M
525 3005 573 3057 L
623 3014 816 3059 contra
869 3005 1030 3071 VA;
1097 3005 1280 3059 novies
1331 3007 1497 3060 etiam
1548 3007 1634 3060 vel
1684 3009 1864 3061 decies

1007 3111 1042 3145 v
