2118 3366
587 437 1331 505 ΗΡΑΚΛΕΙΔΑΙ

513 1047 874 1097 ΎΠΟΘΕΣΙΣ
938 1046 1403 1096 ΗΡΑΚΛΕΙΔΩΝ

182 1183 345 1231 Ἰόλαος
365 1185 454 1231 υἱὸς
473 1186 551 1242 μὲν
567 1183 617 1240 ἦν
632 1184 888 1241 Ἰφικλέους,
907 1183 1173 1242 ἀδελφιδοῦς
1196 1184 1242 1228 δὲ
1257 1182 1536 1241 Ἡρακλέους·
1571 1182 1616 1227 ἐν
1634 1183 1796 1237 νεότητι

123 1259 161 1302 δ’
193 1259 337 1319 ἐκείνῳ
373 1259 799 1316 συστρατευσόμενος
834 1258 880 1302 ἐν
912 1257 1022 1316 γήρᾳ
1059 1260 1148 1302 τοῖς
1181 1257 1229 1312 ἐξ
1267 1256 1425 1300 ἐκείνου
1458 1254 1615 1312 βοηθὸς
1654 1258 1798 1299 εὔνους

121 1332 330 1390 παρέστη.
383 1335 466 1376 τῶν
481 1332 564 1390 γὰρ
580 1331 743 1376 παίδων
766 1331 815 1386 ἐξ
835 1330 1004 1385 ἁπάσης
1025 1329 1317 1387 ἐλαυνομένων
1339 1331 1417 1387 γῆς
1438 1327 1507 1373 ὑπ’
1526 1327 1795 1385 Εὐρυσθέως,

121 1402 236 1463 ἔχων
256 1403 407 1449 αὐτοὺς
435 1403 565 1459 ἦλθεν
595 1404 653 1448 εἷς
676 1403 857 1459 Ἀθήνας
888 1403 1002 1448 κάκεῖ
1028 1404 1302 1462 προσφυγὼν
1329 1404 1419 1446 τοῖς
1447 1402 1559 1446 θεοῖς
1586 1403 1691 1458 ἔσχε
1722 1402 1798 1457 τὴν

76 1493 99 1534 5
123 1478 370 1537 ἀσφάλειαν
407 1480 695 1536 Δημοφῶντος
735 1479 809 1533 τῆς
849 1479 1016 1523 πόλεως
1057 1479 1327 1535 κρατοῦντος.
1390 1474 1589 1533 Κοπρέως
1633 1475 1679 1518 δέ
1720 1478 1797 1519 τοῦ

122 1551 377 1610 Εὐρυσθέως
404 1550 582 1610 κήρυκος
609 1551 812 1596 ἀποσπᾶν
838 1551 1038 1595 θέλοντος
1066 1551 1163 1595 τοὺς
1193 1549 1330 1594 ἱκέτας
1358 1549 1575 1592 ἐκώλυσεν
1600 1550 1739 1592 αὐτόν·
1773 1547 1795 1590 ὃ

123 1625 169 1669 δέ
205 1624 370 1681 ἀπῆλθε
406 1627 596 1683 πόλεμον
632 1623 869 1679 ἀπειλήσας
905 1622 1244 1682 προσδέχεσθαι.
1309 1621 1528 1678 Δημοφῶν
1566 1621 1611 1664 δέ
1644 1620 1797 1665 τούτου

122 1699 197 1756 μὲν
225 1699 448 1757 ὠλιγώρει·
478 1702 684 1755 χρησμῶν
715 1697 761 1741 δὲ
791 1696 902 1756 αὐτῷ
935 1698 1175 1754 νικηφόρων
1203 1695 1474 1754 γενηθέντων,
1503 1696 1575 1739 ἐὰν
1605 1694 1796 1751 Δήμητρι

121 1772 197 1828 τὴν
213 1772 515 1829 εὐγενεστάτην
530 1771 754 1828 παρθένων
772 1771 936 1828 σφάξῃ,
953 1771 1040 1813 τοῖς
1057 1769 1222 1827 λογίοις
1238 1769 1407 1827 βαρέως
1424 1769 1570 1825 ἔσχεν·
1602 1770 1697 1811 οὔτε
1713 1768 1797 1825 γὰρ

51 1861 101 1890 10
122 1843 230 1888 ἷδίαν
264 1845 361 1888 οὔτε
391 1849 475 1888 τῶν
504 1846 695 1889 πολιτῶν
715 1862 826 1888 τινος
863 1843 1075 1902 θυγατέρα
1106 1843 1234 1899 χάριν
1264 1846 1348 1886 τῶν
1378 1843 1524 1885 ἱκετῶν
1555 1840 1796 1885 ἀποκτεῖναι

122 1916 282 1960 δίκαιον
323 1917 496 1975 ἡγεῖται.
570 1917 645 1973 τὴν
686 1916 882 1973 μαντείαν
925 1916 971 1959 δὲ
1008 1919 1258 1974 προγνοῦσα
1300 1915 1374 1971 μία
1414 1917 1499 1958 τῶν
1530 1912 1796 1971 Ἡρακλέους

119 1990 294 2044 παίδων,
337 1991 546 2049 Μακαρία,
581 1992 653 2034 τὸν
691 1990 872 2034 θάνατον
914 1990 1118 2033 ἑκουσίως
1159 1988 1338 2043 ὑπέστη.
1413 1986 1569 2043 ταύτην
1610 1987 1686 2043 μὲν
1724 1985 1796 2030 οὖν

122 2063 297 2121 εὐγενῶς
330 2063 632 2108 ἀποθανοῦσαν
663 2063 880 2119 ἐτίμησαν·
926 2063 1045 2106 αὐτοὶ
1078 2061 1123 2105 δὲ
1156 2062 1253 2106 τοὺς
1284 2058 1516 2118 πολεμίους
1553 2060 1796 2118 ἐπιγνόντες

123 2138 332 2194 παρόντας
355 2136 413 2182 εἷς
435 2136 510 2192 τὴν
532 2136 671 2193 μάχην
693 2136 895 2193 ὥρμησαν
898 2167 1084 2179 .....

177 2254 487 2303 Argumentum
508 2251 650 2290 omisit
671 2250 718 2298 L,
741 2251 836 2290 add.
864 2248 913 2289 L²
933 2249 1001 2288 vel
1021 2248 1039 2287 l
1252 2251 1279 2285 6
1309 2246 1463 2298 ἱκέτας]
1489 2246 1649 2287 οἰκέτας
1670 2247 1793 2287 codd.

122 2311 149 2349 8
177 2309 312 2364 (Κόρῃ
334 2310 426 2362 ocal>
447 2310 633 2361 Δήμητρι
653 2308 844 2347 Vonhoff
1036 2321 1064 2358 9
1093 2306 1288 2361 παρθένον
1311 2307 1344 2345 Ρ
1480 2307 1636 2358 λογίοις
1657 2306 1796 2346 Wila-

122 2365 293 2404 mowitz
312 2378 321 2403 ε
351 2364 491 2416 λόγοις
508 2364 630 2402 codd.
775 2375 824 2400 10
854 2364 1023 2403 οἰκετῶν
1044 2362 1078 2400 Ρ
1222 2374 1271 2410 13
1294 2362 1487 2412 ἐτίμησεν
1507 2361 1657 2400 codd.:
1688 2373 1794 2399 corr.

124 2419 256 2459 Ludv.
275 2419 466 2457 Dindorf.
518 2418 725 2468 Spectant
748 2417 853 2455 haec
869 2418 922 2456 ad
939 2424 1103 2466 partem
1125 2415 1292 2455 fabulae
1310 2421 1407 2465 post
1423 2429 1463 2455 v.
1481 2416 1564 2464 629
1581 2416 1792 2455 omissam.

121 2473 347 2582 ἓὲριῗτοίὲιξέ.
360 2473 434 2513 Ar.
450 2472 528 2522 Eq.
542 2485 559 2510 1
572 2485 641 2522 151
660 2471 916 2524 κατέσφαξεν
934 2472 1082 2521 ἑαυτὴν
1098 2470 1140 2525 (ἡ
1159 2471 1376 2524 Μακαρία),
1392 2473 1442 2511 ὡς
1460 2472 1504 2511 ἐν
1516 2471 1796 2525 Ἡρακλείδαις
