2118 3366
861 264 1340 334 MH-AEIA

664 717 667 719 ’
725 721 1085 781 ὙΠΟΘΕΣΙΣ
1144 725 1472 802 ΜΗΔΕΙΑΣ

320 865 474 912 Ἰάσων
503 866 562 914 εἷς
594 866 802 926 Κόρινθον
829 866 978 922 ε’λθών,
1011 867 1272 927 ἐπαγόμενος
1301 869 1368 913 καὶ
1399 869 1602 927 Μήδειαν,
1632 874 1835 931 ἐγγυᾶται
1867 875 1936 918 καὶ

261 940 337 996 τὴν
358 939 570 999 Κρέοντος
597 944 674 985 τοῦ
698 941 932 997 Κορινθίων
961 941 1180 994 βασιλέως
1208 941 1423 1001 θυγατέρα
1445 942 1640 999 Γλαύκην
1658 946 1767 1001 πρὸς
1785 946 1935 1004 γόμον.

261 1013 486 1070 μέλλουσα
516 1014 561 1057 δὲ
591 1013 615 1069 ἡ
644 1013 808 1070 Μήδεια
829 1012 1152 1073 φυγαδεύεσθαι
1182 1014 1264 1059 ὑπὸ
1288 1015 1498 1072 Κρέοντος
1527 1017 1574 1060 ἐκ
1606 1019 1682 1074 τῆς
1710 1017 1934 1076 Κορίνθου,

261 1086 609 1147 παραιτησαμένη
625 1089 731 1145 πρὸς
751 1088 849 1144 μίαν
867 1086 1024 1145 ἡμέραν
1040 1089 1175 1144 μεῖναι
1192 1087 1259 1130 καὶ
1276 1091 1484 1145 τυχοῦσα,
1501 1088 1659 1146 μισθὸν
1673 1091 1745 1145 τῆς
1762 1092 1936 1148 χάριτος

215 1175 237 1215 5
264 1158 377 1216 δῶρα
400 1159 470 1203 διὰ
490 1164 574 1204 τῶν
594 1159 758 1204 παίδων
778 1159 933 1217 πέμπει
953 1163 1006 1215 τῇ
1026 1158 1194 1215 Γλαύκῃ
1217 1159 1378 1216 ἐσθῆτα
1400 1162 1468 1205 καὶ
1490 1165 1683 1219 χρυσοῦν
1699 1163 1934 1220 στέφανον,

263 1229 323 1277 οἷς
360 1232 493 1288 ε’κείνη
524 1230 773 1290 χρησαμένη
806 1232 1111 1290 διαφθείρεται·
1155 1232 1224 1276 καὶ
1256 1234 1279 1275 ὁ
1311 1233 1458 1291 Κρέων
1494 1234 1540 1278 δέ
1577 1235 1851 1291 περιπλακεὶς
1882 1236 1935 1292 τῇ

262 1305 439 1363 θυγατρὶ
470 1304 723 1349 ἀπόλλυται.
785 1303 950 1362 Μήδεια
980 1305 1025 1349 δὲ
1054 1304 1153 1350 τοὺς
1184 1306 1334 1362 ἑαυτῆς
1364 1306 1518 1351 παῖδας
1549 1307 1834 1352 ἀποκτείνασα
1867 1307 1935 1354 ε’πὶ

260 1379 449 1436 ἅρματος
477 1380 718 1437 δρακόντων
738 1383 976 1437 πτερωτῶν,
1001 1377 1023 1420 ὃ
1044 1376 1145 1436 παρ’
1169 1376 1337 1422 Ἠλίου·
1354 1380 1526 1435 ἔλαβεν,
1550 1379 1707 1435 ἔποχος
1734 1380 1934 1438 γενομένη

261 1450 567 1509 ἀποδιδράσκει
591 1451 649 1496 εἷς
670 1449 849 1507 Ἀθήνας
871 1450 1037 1495 κάκεῖσε
1060 1450 1183 1510 Αἷγεῖ
1202 1452 1261 1509 τῷ
1284 1451 1524 1496 Πανδίονος
1542 1454 1750 1510 γαμεῖται.
1805 1460 1934 1513 Φερε-

190 1543 238 1571 10
261 1522 387 1581 κύδης
419 1524 464 1568 δὲ
497 1525 562 1568 καὶ
596 1523 822 1581 Σιμωνίδης
853 1524 991 1582 φασὶν
1024 1524 1079 1568 ὡς
1110 1522 1134 1580 ἡ
1169 1523 1331 1580 Μήδεια
1366 1522 1631 1581 ἇνεψήσασα
1660 1525 1735 1570 τὸν
1762 1523 1935 1571 Ἰάσονα

261 1599 355 1640 νέον
384 1596 593 1653 ποιήσειε.
654 1597 751 1655 περὶ
791 1597 837 1640 δέ
874 1599 951 1641 τοῦ
981 1596 1143 1655 πατρὸς
1174 1597 1302 1641 αὐτοῦ
1334 1594 1517 1642 Αἴσονος
1551 1597 1574 1640 ὁ
1608 1597 1706 1642 τοὺς
1739 1600 1936 1645 Νόστους

259 1668 444 1727 ποιήσας
464 1671 601 1728 φησὶν
622 1667 767 1714 οὕτως·

554 1756 701 1800 αὐτίκα
724 1754 759 1799 δ’
783 1753 945 1800 Αἴσονα
968 1755 1069 1811 θῆκε
1090 1756 1224 1814 φίλον
1245 1756 1372 1814 κόρον
1393 1754 1609 1811 ἡβὼωντα,

552 1831 685 1888 γῆρας
707 1827 953 1884 ἇποξύσασ’
978 1828 1158 1884 εἷδυίῃσι
1179 1829 1464 1887 πραπίδεσσι,

188 1918 235 1959 15
552 1903 756 1960 φάρμακα
777 1900 907 1947 πόλλ’
931 1899 1091 1959 &rouo-⁸
1111 1901 1182 1947 ἐπὶ
1202 1901 1449 1960 χρυσείοισι
1469 1901 1667 1958 λέβησιν.

260 1987 483 2047 Αἷσχύλος
512 1989 558 2033 δὲ
587 1989 633 2033 ἐν
662 1992 751 2034 ταῖς
782 1987 995 2033 Διονύσου
1024 1989 1212 2047 Τροφοῖς
1242 1990 1406 2046 ἱστορεῖ
1424 1987 1490 2032 ὅτι
1520 1990 1585 2033 καὶ
1615 1989 1690 2035 τὰς
1719 1989 1933 2036 Διονύσου

258 2062 448 2120 τροφοὺς
468 2062 574 2120 μετὰ
594 2066 679 2106 τῶν
699 2062 864 2122 ἀνδρῶν
884 2063 1021 2107 αὐτῶν
1039 2061 1304 2120 ἆνεψήσασα
1325 2063 1586 2118 ε’νεοποίησε.
1636 2065 1864 2121 Στάφυλος
1886 2066 1934 2109 δέ

258 2135 369 2192 φησι
391 2137 465 2179 τὸν
488 2135 662 2180 Ἰάσονα
690 2138 850 2193 τρόπον
877 2136 969 2180 τινὰ
999 2135 1079 2180 ὑπὸ
1107 2137 1182 2191 τῆς
1205 2136 1391 2191 Μηδείας
1421 2134 1702 2193 ἀναιρεθῆναι·
1734 2136 1931 2195 ἐγκελεύ-

258 2208 423 2252 σασθαι
451 2209 535 2266 γὰρ
557 2209 686 2265 αὐτὴν
713 2206 846 2253 οὕτως
875 2208 957 2252 ὑπὸ
984 2211 1037 2264 τῇ
1064 2207 1231 2267 πρύμνῃ
1257 2209 1331 2264 τῆς
1353 2206 1535 2268 Ἀργοῦς
1563 2209 1929 2266 κατακοιμηθῆναι,

186 2296 236 2325 20
256 2280 502 2338 μελλούσης
523 2283 597 2336 τῆς
619 2283 719 2326 νεὼς
741 2280 990 2325 διαλύεσθαι
1013 2281 1094 2325 ὑπὸ
1115 2285 1192 2325 τοῦ
1213 2283 1387 2338 χρόνου·
1419 2280 1711 2338 ἐπιπεσούσης
1732 2285 1836 2340 γοῦν
1857 2284 1931 2340 τῆς

258 2353 448 2412 πρύμνης
468 2356 526 2415 τῷ
548 2352 707 2398 Ἰάσονι
727 2356 983 2411 τελευτῆσαι
1006 2355 1146 2398 αὐτόν.
1210 2353 1272 2412 [A
1286 2355 1328 2398 V
1346 2355 1381 2397 B
1399 2354 1434 2397 P
1452 2355 1495 2397 D
1515 2355 1551 2397 F
1566 2353 1607 2413 l]

312 2475 623 2525 Argumentum
654 2481 787 2514 totum
819 2476 946 2515 habet
976 2476 1029 2525 D,
1052 2476 1141 2515 fere
1169 2481 1302 2515 totum
1322 2475 1469 2514 APF.
1533 2475 1600 2513 De
1632 2477 1787 2516 ceteris
1813 2476 1930 2517 libris

259 2533 299 2572 V
314 2533 348 2571 Β
364 2534 381 2572 l
398 2534 466 2572 vel
489 2533 550 2584 L²‚
576 2546 676 2572 nam
698 2534 731 2573 L
754 2533 857 2572 nihil
879 2533 1021 2583 habet,
1045 2533 1142 2572 vide
1163 2545 1272 2582 quae
1293 2542 1422 2583 supra
1441 2529 1587 2569 notavi
1777 2541 1804 2578 4
1832 2530 1931 2581 πρὸς

260 2587 373 2639 μίαν]
407 2591 457 2629 ὡς
485 2588 580 2639 μίαν
606 2588 665 2627 F:
704 2590 798 2638 μίαν
820 2588 889 2628 A:
924 2590 980 2629 εἷς
1008 2588 1101 2638 μίαν
1132 2586 1282 2626 Nauck
1445 2585 1473 2623 6
1511 2581 1749 2635 χρησαμένη
1779 2582 1931 2622 ABl:

261 2642 564 2695 διαχρησαμένη
580 2642 618 2681 V
632 2643 666 2682 P
679 2643 717 2681 D
733 2643 766 2681 F
878 2655 900 2691 7
927 2642 1157 2683 ἀπόλλυται
1174 2642 1209 2680 Β
1225 2656 1233 2681 :
1256 2640 1445 2682 ἀπώλετο
1460 2638 1500 2678 Α
1511 2638 1551 2678 V
1566 2637 1605 2677 D
1618 2638 1652 2676 F
1765 2650 1814 2677 10
1840 2637 1931 2678 ἆνε-

256 2698 442 2748 ψήσασα]
475 2699 664 2749 ἑψήσασα
692 2697 779 2736 AF
810 2696 892 2749 (ἐψ.
924 2697 1011 2746 A):
1052 2698 1302 2749 ἀφεψήσασα
1335 2694 1525 2744 Elmsley
1555 2708 1580 2733 e
1615 2694 1756 2734 Schol.
1792 2695 1924 2735 Arist.

258 2752 337 2801 Eq.
364 2764 464 2800 1321
638 2764 686 2801 13
715 2752 914 2801 ἡβώωντα
939 2751 979 2789 Α
995 2751 1056 2792 B:
1092 2751 1283 2800 ἡβόωντα
1300 2750 1392 2789 VD
1407 2750 1440 2787 F
1453 2749 1487 2787 P
1657 2763 1707 2799 14
1737 2749 1927 2803 εἶδυίῃσι]

258 2806 405 2855 ι’δυίησι
427 2807 462 2844 Β
482 2820 492 2845 t
532 2807 655 2854 ι’δίησι
671 2805 756 2844 All
768 2819 777 2844 ε
818 2806 928 2844 unde
951 2805 1187 2857 ἀποξύσασα
1207 2805 1355 2853 ῖδυίησι
1377 2802 1570 2853 Elmsley
1753 2814 1801 2852 15
1830 2820 1928 2857 χρυ·

258 2860 403 2900 σείοισι
437 2860 454 2898 l
485 2866 528 2899 et
559 2860 701 2899 Schol.
731 2859 835 2900 An:
875 2858 1087 2911 χρυσέοισι
1116 2859 1204 2898 AF
1217 2859 1370 2906 BPD,
1399 2859 1476 2897 sed
1510 2858 1665 2910 ἕψουσα
1696 2858 1849 2907 nullus,
1883 2862 1929 2896 ut

256 2914 441 2964 videtur,
461 2916 597 2953 codex
820 2915 871 2953 16
899 2917 988 2954 ταῖς
1016 2944 1026 2954 .
1058 2944 1069 2954 .
1099 2943 1110 2953 .
1142 2916 1310 2967 τροφαῖς
1328 2912 1439 2952 VP:
1469 2916 1556 2953 τοῖς
1581 2942 1592 2952 .
1621 2943 1631 2953 .
1662 2941 1673 2952 .
1703 2911 1929 2965 τρόφοιςΑ

263 2980 310 3017 17
342 2969 597 3021 ἐνεοποίησε]
621 2967 865 3019 ἐζωοποίησε
886 2968 903 3005 l
915 2967 948 3006 P
1062 2969 1112 3006 18
1143 2966 1466 3020 ἐγκελεύσασθαι
1487 2966 1712 3006 Lascaris:
1741 2965 1927 3007 ἐκκελεύ·

259 3027 404 3066 σασθαι
426 3024 547 3064 codd.
715 3035 769 3061 20
800 3020 1090 3073 ἐπιπεσούσης]
1115 3021 1371 3075 ἐμπεσούσης
1390 3021 1431 3064 V
1549 3020 1671 3078 γοῦν]
1690 3020 1770 3077 γὰρ
1788 3020 1829 3060 V
1842 3019 1875 3062 P
1890 3019 1925 3062 L
