2118 3366
881 137 1324 188 ΕΥΡΙΠΙΔΟΥ

388 274 475 324 νῦν
505 270 716 324 οὖν-τί
742 276 893 324 ταῦτα
925 277 1036 327 σοῖς
1066 274 1354 340 ἆμιλλῶμαι
1383 274 1558 342 λόγοις

335 372 340 376 ·
389 358 565 421 νεκροῦ
593 357 841 423 παρόντος
870 355 1116 425 μάρτυρος
1147 357 1498 425 σαφεστάτους

388 436 557 505 ἔξερρε
585 441 732 506 γαίας
761 440 906 505 τῆσδ’
939 441 1065 492 ὅσον
1094 440 1249 509 τάχος
1281 440 1463 509 φυγάς,

390 523 470 573 καὶ
499 520 612 587 μήτ’
643 522 860 588 Ἀθήνας
890 526 979 579 τὰς
1013 523 1312 590 θεοδμήτους
1340 526 1516 597 μόλῃς,

387 604 501 671 μήτ’
532 607 602 660 εἷς
630 606 774 673 ὅρους
805 611 899 675 γῆς
928 608 987 673 ἧς
1019 607 1136 673 ε’μὸν
1169 612 1339 675 κρατεῖ
1365 609 1497 675 δόρυ.
1656 663 1658 665 ,
1798 635 1800 639 ·
1850 622 1933 669 975

389 690 432 741 εἰ
461 691 557 756 γὰρ
585 691 758 742 παθών
788 712 849 758 γε
879 696 973 743 σοῦ
1003 690 1110 744 τάδ’
1142 690 1521 758 ἡσσηθήσομαι,
1778 688 1780 690 ’

389 772 447 823 οὗ
473 773 779 841 μαρτυρήσει
808 775 859 841 μ’
882 774 1112 842 Ἴσθμιος
1144 777 1280 830 Σίνις
1309 778 1431 828 ποτὲ

389 861 582 909 κτανεῖν
614 860 803 919 ἑαυτόν,
839 861 973 912 ἀλλὰ
1005 859 1272 925 κομπάζειν
1301 859 1477 925 μάτην,

389 940 490 991 οὐδ’
523 943 573 993 αἱ
604 941 843 1015 θαλάσσῃ
875 944 1112 1009 σύννομοι
1144 945 1437 1011 Σκιρωνίὸες

388 1023 614 1092 φήσουσι
643 1025 817 1094 πέτραι
849 1033 953 1082 τοῖς
986 1033 1151 1081 κακοῖς
1181 1027 1233 1093 μ’
1265 1027 1393 1080 εἶναι
1422 1028 1602 1095 βαρύν.
1853 1033 1934 1084 980
1968 1026 1973 1063 ’ἶ

261 1112 353 1160 Xo.
386 1108 471 1160 οὐκ
502 1109 592 1162 οἶδ’
624 1111 759 1165 ὅπως
792 1111 973 1177 εἴποιμ’
1006 1111 1067 1163 ἂν
1100 1112 1325 1179 εὐτυχεῖν
1355 1133 1466 1164 τινα

389 1197 596 1258 θνητῶν·
642 1196 704 1245 τὰ
734 1197 830 1261 γὰρ
863 1195 920 1260 δὴ
954 1195 1106 1262 πρῶτ’
1141 1194 1482 1262 ἀνέστραπται
1512 1194 1681 1247 πάλιν.

263 1281 339 1330 Ιπ.
387 1276 556 1344 πάτερ,
591 1277 738 1343 μένος
768 1281 859 1344 μὲν
892 1278 1135 1343 ξύστασίς
1165 1301 1221 1331 τε
1252 1285 1358 1331 σῶν
1388 1284 1588 1347 φρενῶν

387 1360 540 1426 δεινή·
587 1362 643 1413 τὸ
673 1362 844 1427 μέντοι
876 1363 1060 1430 πρᾶγμ’
1093 1364 1212 1431 ἔχον
1246 1363 1427 1417 καλοὺς
1457 1364 1657 1431 λόγους,

388 1447 435 1497 εἴ
461 1467 536 1499 τις
566 1445 893 1511 διαπτύξειεν,
929 1449 984 1500 οὗ
1017 1447 1172 1500 καλὸν
1203 1449 1329 1499 τόδε.
1757 1489 1764 1492 ·
1791 1488 1796 1491 -
1850 1453 1932 1506 985

388 1530 486 1597 ἐγὼ
517 1530 558 1581 δ’
588 1530 818 1597 ἄκομψος
853 1533 922 1585 εἰς
953 1533 1112 1599 ὄχλον
1144 1536 1313 1583 δοῦναι
1342 1531 1516 1598 λόγον,

388 1615 439 1668 ἐς
467 1614 644 1678 ἥλικας
673 1616 727 1666 δὲ
762 1615 1005 1682 κώλίγους
1036 1616 1340 1683 σοφώτερος.

388 1697 495 1766 ἔχει
525 1701 578 1750 δὲ
606 1703 785 1765 μοῖραν
819 1699 896 1750 καὶ
921 1699 1039 1750 τόδ’·
1087 1702 1133 1751 οἱ
1163 1702 1258 1766 γὰρ
1290 1701 1343 1751 ἐν
1376 1703 1560 1766 σοφοῖς

387 1786 576 1850 φαῦλοι
606 1782 721 1849 παρ’
755 1785 895 1853 ὄχλῳ
928 1784 1286 1850 μουσικώτεροι
1316 1783 1503 1850 λέγειν.

386 1867 518 1932 ὅμως
549 1866 590 1918 δ’
624 1865 831 1934 ἀνάγκη,
869 1866 1125 1935 ξυμφορᾶς
1156 1867 1452 1934 ἀφιγμένης,
1792 1911 1795 1913 -
1853 1883 1934 1924 990

384 1950 631 2018 γλῶσσάν
660 1950 710 2015 μ’
742 1952 963 2018 ἀφεῖναι.
1052 1957 1224 2019 πρῶτα
1254 1951 1296 2002 δ’
1327 1949 1538 2018 ἄρξομαι
1568 1949 1755 2019 λέγειν,

385 2036 499 2086 ὅθεν
530 2035 580 2100 μ’
611 2036 831 2099 ὑπῆλθες
865 2040 1060 2102 πρῶτον
1094 2035 1159 2090 ὡς
1190 2039 1474 2102 διαφθερῶν

388 2118 502 2170 κούκ
533 2118 855 2183 ἆντιλέξοντ’.
947 2122 1146 2190 εἰσορᾷς
1177 2119 1306 2187 φάος
1336 2120 1452 2171 τόδε

387 2204 466 2255 καὶ
495 2207 660 2270 γαῖαν·
707 2205 760 2255 ἐν
792 2203 951 2255 τοῖσδ’
985 2204 1071 2255 οὐκ
1103 2203 1265 2256 ἔνεστ’
1298 2202 1422 2270 ἀνὴρ
1451 2204 1586 2268 ἐμοῦ,

384 2286 486 2337 οὐδ’
516 2283 578 2351 ἢν
610 2286 673 2338 σὺ
703 2286 769 2351 μὴ
804 2294 918 2360 φῇς,
955 2287 1370 2355 σωφρονέστερος
1399 2287 1575 2354 γεγώς.
1850 2301 1930 2343 995

383 2373 655 2436 ἐπίσταμαι
686 2373 780 2438 γὰρ
811 2377 981 2438 πρῶτα
1011 2375 1103 2437 μὲν
1136 2372 1278 2425 θεοὺς
1309 2371 1502 2437 σέβειν,

310 2502 387 2539 971
422 2492 491 2531 νῦν
511 2488 599 2541 οὖν]
624 2489 667 2529 τί
687 2488 755 2529 οὖν
778 2490 811 2527 Ρ
1006 2502 1086 2540 973
1118 2490 1253 2543 ἔξερρκ
1278 2489 1334 2529 L:
1368 2501 1476 2529 corr.
1497 2488 1515 2526 l
1649 2486 1782 2539 φυγὰς
1801 2486 1932 2539 τάχος

258 2544 300 2584 Μ
316 2544 355 2583 Ο
521 2555 602 2594 975
633 2544 724 2596 ὅρον
740 2544 778 2582 V
797 2559 806 2583 ε
837 2557 945 2584 corr.
968 2558 994 2583 v
1157 2545 1240 2594 976
1267 2543 1547 2594 ἠττηθήσομαι
1566 2540 1607 2580 Α
1771 2542 1852 2591 978
1879 2558 1931 2594 γε

257 2598 379 2640 αὐτόν
399 2599 438 2638 Α
659 2611 740 2649 979
770 2600 852 2639 οὐδ’
877 2603 918 2640 ἐν
941 2599 1008 2639 M:
1041 2598 1133 2640 οὐδὲ
1154 2599 1188 2637 L
1355 2596 1541 2651 θαλάσσῃ
1571 2596 1613 2635 Μ
1641 2608 1928 2646 suprascr.·v:

256 2653 467 2703 θαλάσσης
495 2653 586 2693 r'ell.
731 2655 962 2707 σκιρωνίδες
983 2654 1022 2693 O
1047 2655 1181 2703 (casu,
1206 2651 1377 2703 opinor)
1397 2666 1406 2693 :
1438 2668 1572 2705 σκιρρ-
1595 2651 1654 2690 L:
1687 2666 1814 2700 σκειρ-
1836 2650 1928 2692 rell.

254 2709 336 2768 983
357 2708 542 2759 ξύντασις
561 2709 834 2748 Herwerden
856 2709 1066 2760 (ξύστασις
1083 2710 1132 2761 Σ)
1246 2709 1326 2758 984
1349 2706 1431 2758 ἔχω
1450 2706 1482 2744 Ρ
1500 2721 1507 2744 ;
1530 2718 1639 2744 corr.
1652 2712 1685 2757 p
1781 2705 1930 2766 καλοὺς

257 2762 299 2801 Μ
314 2762 355 2801 Α
368 2763 402 2800 Β
417 2768 447 2807 Σ
466 2781 530 2817 γρ.
555 2764 618 2803 V:
651 2764 832 2804 πολλοὺς
852 2764 892 2802 V
906 2764 940 2801 L
955 2763 989 2802 P
1168 2765 1252 2812 986
1280 2760 1429 2814 λόγους
1452 2761 1492 2799 Μ
1507 2760 1563 2799 Α2
1575 2774 1602 2799 v
1616 2774 1720 2853 ιᾱγρ.
1743 2761 1929 2801 ἆναιδιῶν

254 2818 607 2925 ξςὲλοῖυἴφῇἒῗ
626 2819 695 2914 ἓῗ
723 2818 1055 2922 1ῒψμῗάιὲῗῧ·
1100 2814 1928 2924 '‘⁶⁷⁰”395‘a21232'0ffffi‘k'3¹{p'7Z'P2Z

254 2925 483 3020 fibnklpat.
523 2940 628 2977 520:
674 2927 869 2980 πρότερον
900 2927 941 2966 V
957 2926 989 2965 L
1004 2926 1039 2965 P
1266 2937 1348 2976 993
1391 2927 1488 2965 κούκ
1521 2924 1643 2965 codd.
1680 2929 1723 2963 et
1757 2928 1811 2966 ΣΞ
1855 2923 1928 2964 οὐκ

301 2994 350 3021 ar
394 2983 478 3020 and

2105 3025 2118 3083 *ur-’em
2111 2988 2118 3014 Γ.
2115 2963 2118 2970 .
2116 2940 2118 2946 .
