2118 3366
736 138 739 145 ’
813 143 1136 192 ΚΎΚΛΩΨ

266 272 421 326 καλὸν
450 272 506 325 τὸ
536 275 683 338 πῶμα
713 271 843 324 δαιτὶ
873 270 997 338 πρὸς
1028 278 1155 344 καλῇ
1186 273 1346 325 δίδως.

263 356 483 423 ἡσθέντα
513 356 556 408 δ’
586 355 735 408 αὐτὸν
764 356 829 409 ὡς
861 356 1156 427 ἐπῃσθόμην
1187 356 1301 422 ἐγώ,
1728 376 1813 416 420

263 440 427 506 ἄλλην
457 439 616 492 ἔδωκα
649 440 839 498 κύλικα,
873 439 1170 506 γιγνώσκων
1200 441 1276 491 ὅτι

198 547 210 557 ²
263 525 446 591 τρώσει
477 543 555 576 νιν
576 524 719 576 -οἶνος
751 524 831 575 καὶ
863 524 1003 588 δίκην
1034 522 1186 575 δώσει
1213 522 1360 591 τάχα.

268 609 349 661 καὶ
381 607 439 672 δὴ
471 607 595 674 πρὸς
625 606 749 678 ᾠδὰς
781 606 925 674 εἷρπ’.
1014 607 1113 674 ἐγὼ
1142 606 1184 658 δ’
1217 606 1476 675 ἐπεγχέων

265 691 428 756 ἄλλην
459 690 537 744 ἐπ’
567 690 700 763 ἄλλῃ
733 689 993 758 σπλάγχν’
1026 690 1315 758 ἐθέρμαινον
1346 696 1497 762 ποτῷ.

264 774 367 846 ᾄδει
398 777 452 828 δὲ
482 777 616 843 παρὰ
648 777 881 827 κλαίουσι
912 775 1209 829 συνναύταις
1241 776 1376 840 ἐμοῖς
1733 792 1813 834 4²5

265 858 460 926 ἄμουσ’,
495 861 676 927 ἐπηχεῖ
704 858 745 910 δ’
777 858 972 926 ἄντρον.
1063 858 1284 924 ἐξελθὼν
1316 858 1358 911 δ’
1393 859 1490 927 ἐγὼ

267 951 402 1017 σιγῇ,
437 946 498 996 σὲ
529 948 697 996 σῶσαι
729 942 856 1009 κᾶμ’,
893 945 980 995 ἐὰν
1008 944 1190 1015 βούλῃ,
1226 942 1374 996 θέλω.

266 1027 382 1080 ἀλλ’
415 1026 577 1080 εἴπατ’
610 1029 711 1080 εἴτε
741 1026 938 1099 χρῄζετ’
972 1026 1060 1079 εἴτ’
1091 1027 1149 1078 οὐ
1178 1028 1388 1100 χρῄζετε

267 1112 474 1179 φεύγειν
505 1110 737 1177 ἄμεικτον
766 1110 922 1178 ἄνδρα
952 1111 1032 1162 καὶ
1063 1113 1124 1162 τὰ
1156 1113 1375 1179 Βακχίου

265 1197 423 1249 ναίειν
452 1194 680 1262 μέλαθρα
714 1194 978 1247 Δαναΐδων
1008 1200 1216 1263 νυμφῶν
1244 1195 1383 1261 μέτα.
1662 1219 1667 1224 “
1725 1212 1812 1253 430

266 1280 292 1330 ὁ
321 1281 415 1345 μὲν
443 1281 540 1347 γὰρ
572 1279 717 1332 ἔνδον
749 1278 839 1334 σὸς
869 1278 1030 1346 πατὴρ
1059 1278 1165 1330 τάδ’
1196 1277 1396 1351 ᾕνεσεν.

264 1363 382 1415 ἀλλ’
414 1363 633 1428 ἀσθενὴς
662 1365 759 1430 γὰρ
790 1363 1190 1430 κᾶποκερδαίνων
1219 1368 1390 1423 ποτοῦ,

265 1447 436 1515 ὥσπερ
467 1447 590 1515 πρὸς
622 1446 706 1517 ἰξῷ
737 1454 798 1520 τῇ
827 1448 991 1500 κύλικι
1019 1447 1334 1514 λελημμένος

264 1530 511 1599 πτέρυγας
542 1531 700 1584 ἀλύει·
747 1531 812 1583 σὺ
843 1531 1170 1586 δέ--νεανίας
1201 1534 1298 1599 γὰρ
1330 1532 1447 1584 εἶ-

267 1616 456 1681 σώθητι
483 1615 590 1682 μετ’
621 1618 742 1681 ἐμοῦ
773 1617 852 1668 καὶ
881 1615 969 1668 τὸν
1000 1617 1210 1684 ἀρχαῖον
1241 1617 1396 1683 φίλον
1734 1633 1813 1675 435

267 1700 520 1752 Διόνυσον
551 1699 786 1766 ἀνάλαβ’,
819 1700 876 1751 οὐ
907 1701 1147 1753 Κύκλωπι
1176 1703 1481 1768 προσφερῆ.ι

129 1787 229 1836 ΙΧο.
263 1781 301 1835 ὦ
334 1783 552 1851 φίλτατ’,
586 1786 629 1836 εἶ
658 1786 753 1852 γὰρ
784 1783 920 1849 τήνδ’
949 1786 1139 1850 ἴδοιμεν
1169 1784 1373 1852 ἡμέραν,

267 1868 544 1922 Κύκλωπος
574 1869 879 1936 ἐκφυγόντες
910 1869 1116 1921 ἀνόσιον
1148 1868 1288 1937 κάρα.

265 1952 330 2006 ὣς
360 1954 441 2004 διὰ
469 1957 659 2020 μακροῦ
688 1975 748 2020 γε
777 1947 901 2005 Ττὸν
932 1955 1136 2021 σίφωνα
1167 1952 1253 2006 τὸν
1285 1955 1438 2022 φίλον

264 2037 721 2105 χηρεύομεν.-τὸν
752 2036 792 2088 δ’
825 2037 911 2089 οὐκ
944 2038 1127 2106 ἔχομεν
1159 2038 1263 2090 κατ’
1295 2039 1355 2090 αὖ
1387 2032 1621 2106 φαγεῖνῘΓ
1728 2056 1811 2096 440

137 2123 228 2172 Οδ.
263 2120 408 2174 ἄκουε
437 2119 496 2186 δή
528 2142 615 2174 νυν
645 2120 704 2186 ἣν
734 2121 835 2190 ἔχω
867 2124 1104 2189 τιμωρίαν

265 2205 413 2273 θηρὸς
441 2206 723 2273 πανούργου
755 2209 849 2271 σῆς
879 2227 933 2259 τε
962 2207 1189 2260 δουλείας
1218 2204 1402 2274 φυγήν.

136 2293 229 2342 Xo.
262 2288 389 2357 λέγ’,
425 2290 490 2344 ὡς
520 2289 759 2345 Ἀσιάδος
789 2289 876 2342 οὐκ
907 2290 968 2342 ἂν
998 2291 1139 2355 ἥδιον
1168 2291 1349 2358 ψόφον

263 2373 467 2442 κιθάρας
499 2374 735 2440 κλύοιμεν
764 2370 794 2439 ἢ
827 2374 1061 2426 Κύκλωπ’
1093 2375 1340 2426 ὀλωλότα.

135 2460 227 2511 Οδ.
263 2459 344 2511 ἐπὶ
376 2463 540 2525 κῶμον
571 2459 740 2527 ἕρπειν
773 2458 894 2526 πρὸς
925 2457 1256 2527 κασιγνήτους
1287 2458 1422 2512 θέλει
1624 2486 1626 2491 ⁴
1728 2476 1811 2517 445

265 2543 542 2597 Κύκλωπας
572 2543 748 2609 ἡσθεὶς
777 2547 903 2613 τῷδε
933 2544 1154 2612 Βακχίου
1182 2548 1333 2613 ποτῷ.

132 2670 143 2689 ’-
166 2669 271 2722 ‘439
293 2658 404 2712 ,πρὸς
431 2654 536 2705 καλή
562 2657 658 2710 (sic)
682 2670 896 2709 suprascr.
924 2657 972 2696 L¹
994 2671 1003 2695 :
1042 2659 1139 2712 πρὸς
1165 2658 1294 2699 καλὸν
1319 2657 1353 2696 L
1369 2657 1426 2698 P:
1467 2663 1691 2729 {ccenfum
1720 2670 1810 2697 cor-

131 2710 617 2820 ZZng-tdznxeiftlggrggzoff
638 2713 786 2820 ἒπξχει
809 2724 915 2806 L4123'5
948 2714 1033 2754 ἄδει
1057 2712 1814 2819 ιςὲοᾶζεᾶνῗῒδων]σ1ῗῐναῖδῗιτιὲἶιεῐεῖιῖ

131 2822 275 2876 ‘bonus
461 2824 554 2872 436
583 2823 795 2871 ἂναλαβοῦ
824 2822 858 2861 L
874 2821 937 2861 P:
966 2835 1075 2862 corr.
1099 2834 1248 2872 apogr.
1268 2821 1411 2862 Paris.
1598 2835 1682 2873 439
1720 2835 1809 2862 susa

134 2882 310 2927 pectum
331 2881 489 2929 σῖφωνα
506 2890 516 2916 :
546 2879 619 2918 τὸν
639 2877 764 2928 φίλον
785 2876 944 2930 σίφωνά
962 2894 1031 2928 μοι
1052 2877 1278 2916 Hermann
1465 2889 1546 2925 440
1575 2878 1652 2918 τὸν
1670 2877 1705 2918 δ’
1729 2908 1739 2919 .
1759 2895 1772 2918 ·.
1800 2909 1809 2919 .

132 2931 228 2972 κατ’
240 2969 248 2974 ,,
264 2931 313 2974 αὖ
342 2934 492 2984 φαγεῖν
525 2931 702 2971 Nauckz
744 2932 855 2973 τόνδ’
888 2961 898 2971 .
933 2961 942 2971 .
974 2961 985 2971 .
1021 2935 1278 2984 καταφαγεῖν
1309 2930 1403 2971 LP.
1464 2931 1614 2972 Lectio
1648 2931 1811 2971 incerta

135 2997 216 3037 445
248 2986 444 3037 ἐπίκωμος
464 2985 708 3036 Wecklein,
729 2987 784 3027 cl.
805 3001 842 3026 v.
865 2987 947 3035 508
1060 2985 1168 3039 ἕρπει
1191 2985 1225 3024 Ρ
1244 3019 1245 3022 ,
