2118 3366
933 107 1372 156 ΕΥΡΙΠΙΔΟΥ

448 234 528 288 καὶ
556 237 738 288 πεδίων
768 234 998 290 δαπέδοις
1027 237 1144 303 ὅρον
1173 236 1302 303 ἀμφὶ
1332 239 1425 301 μὲν

530 318 699 371 ἀελίου
731 321 972 387 κνεφαίαν

447 403 753 454 ἱππόστασιν
784 402 956 469 αἰθέρα
985 405 1077 476 τᾷν
1107 406 1403 470 Μολοσσῶν
1449 441 1460 454 .
1510 441 1520 453 .
1567 404 1771 465 τίθεται,

447 486 654 537 πόντιον
683 485 726 536 δ’
757 486 992 552 Αἰγαίων’
1026 485 1102 538 ἐπ’
1134 487 1288 537 ἆκτᾶν
1905 505 1984 545 595

532 570 770 634 ἀλίμενον
802 571 998 633 Πηλίου
1029 569 1268 635 κρατύνει.

449 687 526 738 καὶ
555 691 643 738 νῦν
674 688 824 751 δόμον
855 685 1149 751 ἀμπετάσας
1857 683 1984 754 [ἀντ.

447 768 623 834 δέξατο
653 769 816 835 ξεῖνον
847 775 1030 839 νοτερῷ
1063 768 1328 838 βλεφάρῳ,

445 857 533 907 τᾶς
564 855 720 921 φίλας
751 855 936 905 κλαίων
967 854 1156 921 ἀλόχου
1188 852 1331 904 νέκυν
1361 855 1416 905 ἐν

446 938 669 1003 δώμασιν
699 939 950 1003 ἆρτιθανῆ·
995 937 1052 988 τὸ
1082 938 1177 1004 γὰρ
1208 937 1405 1004 εὐγενὲς
1902 942 1986 982 600

532 1020 792 1088 ἐκφέρεται
822 1021 944 1088 πρὸς
974 1023 1110 1072 αἰδῶ.

448 1107 501 1156 ἐν
531 1110 633 1157 τοῖς
664 1106 900 1171 ἀγαθοῖσι
929 1107 981 1156 δὲ
1011 1104 1156 1157 πάντ’
1187 1105 1384 1157 ἔνεστιν
1416 1106 1620 1172 σοφίας.
1708 1103 1912 1171 ἄγαμαι·

447 1188 568 1254 πρὸς
599 1189 640 1239 δ’
672 1191 765 1259 ἐμᾷ
793 1194 938 1259 ψυχᾷ
969 1188 1152 1254 θάρσος
1181 1189 1333 1254 ἧσται

530 1275 752 1338 θεοσεβῆ
785 1278 928 1339 φῶτα
960 1275 1106 1324 κεδνὰ
1137 1272 1357 1340 πράξειν.
1906 1277 1986 1326 605

322 1395 409 1441 Αδ.
444 1392 635 1458 ἀνδρῶν
667 1392 894 1458 Φεραίων
927 1391 1133 1456 εὐμενὴς
1163 1392 1429 1458 παρουσία,

444 1474 591 1526 νέκυν
620 1478 711 1540 μὲν
741 1475 831 1539 ἤδη
864 1475 1008 1527 πάντ’
1041 1476 1223 1542 ἔχοντα
1252 1476 1538 1541 πρόσπολοι

447 1557 689 1625 φέρουσιν
718 1558 871 1625 ἄρδην
902 1559 1025 1625 πρὸς
1053 1559 1216 1625 τάφον
1245 1580 1299 1610 τε
1331 1559 1410 1609 καὶ
1439 1557 1614 1624 πυράν·

445 1643 582 1707 ὑμεῖς
612 1645 666 1694 δὲ
693 1642 784 1706 τὴν
815 1646 1080 1702 θανοῦσαν,
1118 1643 1182 1696 ὡς
1212 1643 1478 1708 νομίζεται,

446 1726 740 1792 προσείπατ’
773 1725 1007 1791 ἐξιοῦσαν
1037 1726 1256 1791 ὑστάτην
1287 1727 1419 1778 ὁδόν.
1901 1730 1985 1772 610

321 1814 412 1861 Χο.
448 1811 526 1861 καὶ
556 1810 654 1875 μὴν
685 1812 781 1877 ὁρῶ
815 1811 907 1862 σὸν
938 1810 1126 1877 πατέρα
1155 1815 1341 1879 γηραιῷ
1373 1810 1488 1862 ποδὶ

445 1894 708 1961 στείχοντ’,
742 1895 955 1948 ὀπαδούς
984 1894 1027 1946 τ’
1058 1897 1111 1946 ἐν
1141 1900 1313 1962 χεροῖν
1344 1893 1551 1959 δάμαρτι
1582 1901 1649 1966 σῇ

447 1979 634 2044 κόσμον
666 1978 928 2046 φέροντας,
963 1978 1204 2045 νερτέρων
1235 1977 1516 2045 ἀγάλματα.

319 2084 529 2122 ΦΕΡΗΣ

446 2160 547 2223 ἥκω
581 2165 777 2212 κακοῖσι
808 2166 948 2212 σοῖσι
979 2160 1292 2227 συγκάμνων,
1326 2159 1516 2212 τέκνον·

444 2246 633 2308 ἐσθλῆς
663 2244 773 2312 γάρ,
809 2246 968 2298 οὐδεὶς
999 2246 1207 2311 ἀντερεῖ,
1242 2244 1321 2295 καὶ
1352 2245 1616 2311 σώφρονος
1908 2250 1981 2299 615

443 2327 673 2394 γυναικὸς
701 2328 999 2396 ἡμάρτηκας.
1088 2330 1221 2380 ἀλλὰ
1251 2332 1403 2380 ταῦτα
1430 2331 1521 2393 μὲν

445 2411 617 2478 φέρειν
648 2412 835 2479 ἀνάγκη
870 2414 1043 2478 καίπερ
1074 2415 1194 2464 ὄντα
1223 2412 1469 2479 δύσφορα.

445 2495 593 2563 δέχου
623 2499 676 2548 δὲ
707 2497 897 2562 κόσμον
927 2498 1087 2555 τόνδε,
1120 2498 1199 2548 καὶ
1232 2498 1354 2547 κατὰ
1381 2495 1563 2563 χθονὸς

443 2581 546 2631 ἴτω.
635 2579 691 2631 τὸ
720 2581 900 2646 ταύτης
930 2586 1077 2645 σῶμα
1106 2583 1345 2645 τιμᾶσθαι
1372 2580 1552 2647 χρεών,

442 2663 550 2727 ἥτις
578 2686 639 2731 γε
667 2668 756 2729 τῆς
786 2668 880 2729 σῆς
910 2665 1154 2731 προύθανε
1181 2667 1369 2731 ψυχῆς,
1403 2662 1593 2722 τέκνον,
1900 2668 1982 2708 620

372 2791 451 2830 594
482 2779 730 2822 ἱππόστασιν
747 2782 780 2819 L
794 2781 828 2819 P
843 2780 877 2819 B
891 2786 921 2824 Σ
936 2796 945 2821 z
977 2781 1205 2821 ὑπόστασιν
1219 2779 1259 2819 V
1370 2783 1602 2821 Μολοσσῶν
1616 2778 1794 2833 (ὀρέων)
1811 2780 1955 2819 Bauer
1971 2795 1981 2819 ε

318 2834 370 2875 cf.
392 2847 430 2874 V.
450 2836 530 2884 603
750 2847 830 2885 595
864 2836 898 2876 δ’
919 2835 959 2874 V
974 2835 1009 2873 B
1028 2850 1037 2874 :
1071 2836 1110 2875 τ’
1133 2835 1167 2873 L
1185 2835 1240 2873 Py
1382 2833 1572 2886 Αἰγαίων’
1588 2839 1618 2877 Σ
1636 2848 1646 2873 :
1677 2836 1837 2887 αι’γαῖον
1855 2835 1978 2875 codd.

318 2890 399 2938 598
429 2893 558 2941 ξεῖνον
576 2889 755 2930 Aldina:
787 2889 901 2942 ξένον
921 2891 1043 2929 codd.
1227 2901 1308 2938 599
1338 2889 1461 2942 φίλας
1480 2888 1638 2928 Aldina
1657 2902 1666 2927 τ
1696 2889 1835 2940 φιλίας
1853 2889 1977 2928 codd.

317 2946 396 2992 603
428 2945 578 2996 ἄγαμαι
599 2945 755 2983 delevit
775 2944 791 2982 l
919 2985 921 2987 ,
976 2946 1056 2983 608
1084 2946 1181 2994 πρὸς
1206 2944 1239 2982 L
1253 2944 1287 2981 P
1306 2957 1315 2982 :
1347 2945 1403 2984 εἷς
1423 2944 1462 2981 V
1476 2943 1511 2981 B
1688 2945 1768 2992 617
1799 2942 1981 2996 δύσφορα

321 2998 469 3036 LPb:
499 2999 783 3047 δυσμενῆνΒ
805 2999 950 3042 εῒΣΒ
