2118 3366
947 102 1389 152 ΕΥΡΙΠΙΔΟΥ

335 233 423 284 Κυ.
456 229 656 286 πάντων
686 232 736 284 σ’
769 234 976 300 ἑταίρων
1005 234 1218 300 ὕστερον
1247 230 1558 299 θοινᾶσομαι.
1914 250 1998 292 ‘⁵50

335 318 409 368 Σι.
453 315 613 369 ’καλόν
642 335 702 384 γε
731 316 788 369 τὸ
819 315 967 384 γέρας
998 322 1065 386 τῷ
1095 315 1221 387 ξένῳ
1253 318 1413 376 δίδως,
1447 317 1690 383 Κύκλωψ.

335 401 425 451 Κυ.
458 397 615 460 οὗτος,
646 402 699 452 τί
721 403 864 471 δρᾷς,·
908 400 997 453 τὸν
1027 401 1164 453 οἶνον
1195 402 1409 454 ἐκπίνεις
1437 399 1622 469 λάθρᾳ,·

335 487 412 535 Σι.
455 483 558 543 οὔκ,
590 483 707 535 ἀλλ’
739 483 815 549 ἔμ’
845 483 988 538 οὗτος
1018 483 1209 544 ἔκυσεν,
1240 485 1320 536 ὅτι
1351 483 1507 536 καλὸν
1535 481 1731 549 βλέπω.

336 570 425 618 Κυ.
459 567 667 640 κλαύσῃ,
702 572 868 635 φιλῶν
899 567 988 620 τὸν
1021 568 1156 620 οἶνον
1185 567 1242 619 οὗ
1271 566 1517 635 φιλοῦντά
1547 588 1623 619 σε.

334 653 409 702 Σι.
455 652 537 703 ναὶ
564 652 634 716 μὰ
668 650 772 710 Δί’,
807 651 920 703 ἐπεί
946 651 1042 716 μού
1070 649 1197 717 φησ’
1230 653 1346 718 ἐρᾶν
1377 653 1520 704 ὄντος
1550 655 1718 702 καλοῦ.
1920 668 2000 708 555

335 737 424 786 Κυ.
457 734 612 802 ἔγχει,
645 733 814 786 πλέων
845 737 899 786 δὲ
929 733 1017 786 τὸν
1049 735 1261 802 σκύφον.
1349 735 1483 787 δίδου
1510 734 1680 800 μόνον.

335 821 409 870 Σι.
446 822 549 871 πῶς
581 818 666 870 οὖν
700 815 953 884 κέκραται,·
1000 816 1126 885 φέρε
1155 817 1559 886 διασκεψώμεθα.

335 905 425 954 Κυ.
457 902 680 956 ἀπολεῖς·
727 900 810 956 δὸς
847 902 1017 956 οὕτως.
1191 906 1265 954 Σι.
1353 902 1434 954 ναὶ
1468 904 1537 968 μὰ
1576 901 1664 954 Δί’
1697 901 1753 954 οὐ
1789 903 1905 970 πρὶν
1941 901 2003 956 ἄν

668 984 728 1052 γέ
759 1007 821 1038 σε

462 1068 718 1136 στέφανον
748 1071 837 1122 ἵδω
867 1070 1099 1136 λαβόντα
1129 1068 1389 1138 γεύσωμαί
1415 1069 1459 1122 τ’
1491 1070 1564 1122 ἔτι
1597 1110 1608 1122 .
1642 1109 1654 1122 .
1689 1109 1700 1122 .

337 1157 422 1206 Κυ.
457 1151 494 1204 ὦ
526 1154 756 1222 οἰνοχόος
787 1153 966 1209 ἄδικος.
1140 1159 1214 1207 Σι.
1307 1151 1408 1222 <οὗ>
1431 1157 1500 1220 μᾶ
1531 1153 1636 1214 Δί’,
1662 1153 1777 1206 ἀλλ’
1801 1152 1839 1207 ὦ
1870 1154 2003 1209 οἶνος

667 1237 867 1305 γλυκύς.
1921 1244 2004 1296 560

461 1320 767 1388 ἆπομυκτέον
799 1322 856 1374 δέ
887 1323 974 1375 σοί
1002 1324 1140 1375 ἐστιν
1173 1322 1238 1377 ὡς
1266 1321 1412 1394 λήψῃ
1442 1327 1589 1375 πιεῖν.

336 1408 425 1457 Κυ.
459 1406 577 1465 ἰδού,
613 1406 827 1473 καθαρὸν
855 1406 913 1458 τὸ
943 1412 1116 1475 χεῖλος
1146 1409 1196 1459 αἱ
1226 1408 1394 1475 τρίχες
1423 1406 1479 1458 τέ
1506 1429 1614 1472 μου.

335 1494 409 1542 Σι.
457 1489 540 1544 θές
569 1511 656 1543 νυν
686 1490 773 1543 τὸν
804 1491 987 1557 ἀγκῶν’
1019 1491 1281 1558 εὐρύθμως,
1317 1490 1418 1559 κᾷτ’
1450 1490 1603 1550 ἔκπιε,

460 1575 628 1642 ὥσπερ
659 1573 709 1640 μ’
741 1576 857 1645 ὁρᾷς
889 1575 1378 1643 πίνοντα-χῶσπερ
1409 1574 1496 1626 οὐκ
1528 1573 1628 1639 ἐμέ.

337 1663 426 1711 Κυ.
459 1659 490 1710 ἆ
520 1660 566 1718 ἆ,
599 1660 651 1711 τί
676 1659 901 1725 δράσεις,·
1075 1664 1150 1710 Σι.
1238 1658 1395 1723 ἡδέως
1423 1658 1693 1724 ἠμύστισα.
1921 1663 2000 1713 565

336 1746 426 1795 Κυ.
456 1742 598 1808 λάβ’,
632 1741 669 1794 ὦ
700 1741 817 1808 ξέν’,
853 1742 999 1797 αὐτὸς
1031 1744 1259 1811 οἰνοχόος
1287 1742 1341 1794 τέ
1370 1764 1454 1808 μοι
1482 1747 1645 1809 γενοῦ.

336 1831 428 1879 Οδ.
461 1827 794 1894 γιγνώσκεται
825 1832 946 1894 γοῦν
978 1828 1007 1893 ἡ
1039 1826 1263 1893 ἄμπελος
1293 1826 1423 1899 τήμῇ
1452 1827 1579 1894 χερί.

337 1916 424 1964 Κυ.
458 1910 571 1979 φέρ’
602 1910 779 1979 ἔγχεόν
811 1933 912 1964 νυν.
1089 1916 1179 1963 Οδ.
1273 1910 1451 1979 ἐγχέω,
1485 1912 1607 1977 σίγα
1634 1910 1804 1976 μόνον.

336 1999 423 2048 Κυ.
456 1994 680 2063 χαλεπὸν
710 1995 811 2047 τόδ’
846 1995 1003 2056 εἶπας,
1037 1997 1177 2049 ὅστις
1207 1995 1268 2047 ἂν
1299 1997 1416 2067 πίνῃ
1447 1994 1623 2047 πολύν.

328 2083 424 2131 Οδ.
459 2079 563 2131 ἰδοὺ
593 2081 772 2145 λαβὼν
804 2079 969 2132 ἔκπιθι
999 2080 1078 2131 καὶ
1107 2082 1260 2145 μηδὲν
1289 2080 1452 2151 λίπῃς.
1892 2098 1897 2105 ·
1921 2093 2002 2133 570

324 2172 341 2193 '⁴
460 2167 782 2216 συνεκθανεῖν
815 2167 868 2216 δὲ
901 2169 1107 2216 σπῶντα
1137 2163 1233 2231 χρὴ
1265 2169 1331 2233 τῷ
1363 2164 1572 2229 πώματι.

336 2251 424 2299 Κυ.
453 2253 631 2306 παπαῖ,
666 2248 832 2315 σοφόν
862 2269 921 2315 γε
952 2247 1009 2299 τὸ
1039 2247 1192 2312 ξύλον
1221 2251 1310 2313 τῆς
1339 2247 1580 2314 ἀμπέλου.

334 2335 425 2384 Οδ.
460 2331 549 2383 κᾶν
579 2334 669 2397 μὲν
701 2331 906 2404 σπάσῃς
937 2353 997 2399 γε
1026 2331 1153 2383 δαιτὶ
1183 2331 1306 2399 πρὸς
1335 2338 1502 2405 πολλῇ
1532 2331 1707 2392 πολύν,

459 2414 637 2483 τέγξας
669 2417 853 2484 ἄδιψον
886 2416 1051 2482 νηδύν,
1085 2417 1155 2469 εἷς
1183 2417 1336 2469 ὕπνον
1365 2421 1534 2482 βαλεῖ,

333 2575 336 2578 ,
373 2543 469 2582 »550
498 2533 676 2574 ὕστατον
698 2532 923 2572 Hermann
1083 2544 1159 2582 551
1193 2538 1250 2576 Σι.
1279 2532 1486 2582 Lenting:
1519 2532 1564 2572 ὀδ
1586 2531 1668 2571 LP
1816 2542 1896 2581 553
1916 2530 1998 2583 Σι.]

325 2596 407 2627 σιλ
434 2600 489 2628 ex
516 2587 562 2628 ὀδ
589 2600 694 2628 corr.
723 2587 757 2626 L
976 2598 1055 2637 555
1087 2588 1173 2628 ἐπεὶ
1194 2585 1295 2641 (οὔ)
1317 2603 1394 2638 μου
1420 2586 1499 2641 φῄς
1518 2584 1647 2640 (σφ’)
1669 2588 1764 2638 ε’ρᾶν
1783 2585 2000 2625 Wieseler

333 2653 416 2691 559
444 2641 483 2682 τ’
506 2642 586 2694 ἔτι]
607 2641 658 2683 τέ
675 2659 716 2683 τι
742 2642 894 2682 Nauck
1087 2643 1170 2692 560
1199 2642 1228 2682 ὦ
1250 2641 1436 2694 οἰνοχόος
1462 2642 1539 2680 Sed
1568 2640 1666 2692 ᾧνος
1690 2640 1770 2678 LP
1791 2640 1907 2691 (ὦνος
1928 2640 1995 2690 P).

333 2695 471 2746 Vulgo
513 2696 689 2749 ᾤνοχόος
731 2704 774 2737 et
815 2695 913 2749 ᾧνος
1052 2700 1096 2738 οὐ
1136 2697 1232 2736 add.
1269 2696 1517 2736 Hermann:
1560 2693 1680 2748 (ναὶ)
1712 2695 1807 2734 add.
1839 2693 1998 2734 Aldina

330 2752 411 2800 561
459 2752 712 2803 ἆπομυκτέον
749 2752 833 2791 LP
874 2752 1136 2804 (ἆπομικτέον
1175 2752 1257 2801 P):
1302 2748 1560 2802 ἆπομακτέον
1597 2750 1735 2788 Cobet
1930 2749 1998 2790 σοί

327 2807 450 2850 ,ἐστιν
483 2808 534 2847 ὡς
564 2806 853 2846 Wilamowitz
888 2819 942 2846 ex
971 2806 1006 2844 L
1034 2807 1106 2857 qui
1138 2821 1311 2847 σοιΗΗ
1341 2808 1393 2847 ὡς
1422 2805 1576 2844 habet:
1621 2804 1687 2845 σοί
1717 2803 1760 2856 γ’
1796 2804 1900 2845 ὅπως
1933 2803 1952 2841 l
1962 2803 1996 2842 P

333 2861 416 2908 566
455 2860 552 2908 λάβ’
573 2861 603 2901 ὦ
634 2891 646 2901 .
681 2892 690 2901 .
728 2891 738 2901 .
761 2861 811 2902 τέ
834 2877 902 2912 μοι
927 2863 1050 2913 γενοῦ
1072 2861 1266 2901 Dobree:
1297 2861 1440 2908 λαβὼν
1466 2888 1479 2900 .
1511 2888 1522 2899 .
1558 2890 1568 2899 .
1597 2857 1653 2911 γε’
1674 2875 1751 2910 μου
1769 2861 1892 2910 γενοῦ
1914 2857 1996 2896 LP

333 2925 410 2963 571
446 2919 614 2956 σπῶντα
636 2915 887 2955 Casaubon:
919 2919 1102 2967 σιγῶντα
1121 2915 1155 2954 L
1170 2912 1204 2955 P
1333 2927 1413 2965 573
1444 2913 1604 2968 σπείσῃς
1626 2913 1824 2954 Dobree:
1857 2910 1994 2966 σπείσῃ

335 2968 370 3007 L
384 2969 419 3008 P
586 2981 667 3020 574
697 2974 825 3018 βαλεῖ
841 2969 1093 3020 Musgrave:
1125 2974 1269 3018 βαλεῖς
1291 2969 1325 3008 L
1340 2970 1374 3008 P
