2118 3366
760 129 1159 177 ΑΛΚΙ-ῙΣΤΙΣ

257 264 360 313 πῶς
390 260 487 326 γὰρ
514 259 679 324 δόμων
705 256 849 310 τῶνδ’
878 258 1105 310 εἰσόδους
1134 255 1394 322 ἀνέξομαι,·

256 342 349 394 τίν’
379 342 442 394 ἂν
470 342 773 409 προσειπών,
807 345 895 392 τοῦ
923 343 978 393 δὲ
1007 341 1308 407 προσρηθεὶς
1336 340 1446 399 ὕπο,

257 428 469 493 τερπνῆς
496 424 691 494 τύχοιμ’
720 425 782 477 ἂν
813 424 984 490 ἐξόδου
993 445 1010 484 ,·
1056 428 1147 476 ποῖ
1173 423 1445 491 τρέψομαι,·

255 509 286 575 ἡ
315 511 409 575 μὲν
437 511 532 577 γὰρ
562 509 705 561 ἔνδον
736 507 887 579 ἐξελᾷ
913 507 964 574 μ’
996 508 1187 575 ἐρημία,

257 591 488 660 γυναικὸς
517 592 660 647 εὐνὰς
691 592 789 645 εὖτ’
819 591 881 645 ἂν
912 592 1080 644 εἰσίδω
1113 593 1256 645 κενὰς
1719 606 1798 649 945

259 677 462 744 θρόνους
490 675 533 728 τ’
563 678 618 729 ἐν
648 678 783 729 οἷσιν
811 677 899 741 ἷζε,
934 675 1014 728 καὶ
1044 676 1168 727 κατὰ
1199 674 1385 743 στέγας

260 759 516 829 αὐχμηρὸν
545 760 707 820 οὖδας,
739 760 889 813 τέκνα
917 759 960 812 δ’
991 759 1122 827 ἀμφὶ
1150 759 1364 827 γούνασι

258 846 506 898 πίπτοντα
535 846 684 917 κλαίῃ
712 844 900 912 μητέρ’,
934 844 980 896 οἳ
1011 847 1065 897 δὲ
1096 845 1336 897 δεσπότιν

259 927 508 982 στένωσιν
536 931 647 981 οἵαν
679 931 731 981 ἐκ
761 929 928 995 δόμων
958 929 1248 981 ἀπώλεσαν.

258 1014 321 1064 τὰ
346 1015 440 1079 μὲν
472 1012 575 1064 κατ’
609 1014 770 1066 οἴκους
802 1011 974 1064 τοιάδ’·
1022 1011 1204 1077 ἔξωθεν
1234 1008 1290 1064 δέ
1317 1032 1381 1077 με
1718 1027 1800 1068 950

261 1096 412 1164 γάμοι
438 1095 482 1148 τ’
513 1099 672 1149 ἐλῶσι
702 1100 993 1149 Θεσσαλῶν
1025 1096 1106 1148 καὶ
1134 1093 1375 1163 ξύλλογοι

260 1174 689 1247 γυναικοπληθεῖς·
736 1181 793 1234 οὗ
821 1183 917 1248 γὰρ
949 1179 1243 1245 ἐξανέξομαι

259 1263 497 1316 λεύσσων
527 1264 772 1331 δάμαρτος
802 1266 1041 1330 τῆςέμῆς
1070 1262 1326 1329 ὁμήλικας.

262 1349 366 1415 ἐρεῖ
390 1347 446 1401 δέ
472 1347 524 1414 μ’
553 1350 695 1402 ὅστις
726 1348 905 1416 ἐχθρὸς
935 1347 1003 1400 ὢν
1036 1352 1172 1415 κυρεῖ
1197 1347 1330 1400 τάδε·

263 1431 394 1483 Ἰδοΰ
422 1431 509 1484 τὸν
539 1434 763 1500 αἰσχρῶς
796 1431 953 1496 ζῶνθ’,
987 1430 1041 1486 ὃς
1070 1433 1158 1484 οὐκ
1190 1432 1309 1496 ἔτλη
1341 1434 1525 1490 θανεῖν,
1722 1448 1803 1488 955

261 1514 379 1567 ἀλλ’Δ
404 1513 466 1580 ἣν
497 1515 680 1582 ἔγημεν
711 1516 935 1569 ἀντιδοὺς
964 1517 1164 1585 ἀψυχίᾳ

262 1599 514 1667 πέφευγεν
534 1598 730 1665 “Ἀιδην·
779 1598 866 1652 εἶτ’
895 1599 1020 1667 ἀνὴρ
1053 1600 1179 1652 εἶναι
1209 1604 1362 1659 δοκεῖ,

262 1688 442 1751 στυγεῖ
467 1686 522 1736 δὲ
549 1683 663 1738 τοὺς
693 1684 942 1744 τεκόντας,
977 1684 1123 1738 αὐτὸς
1152 1683 1209 1735 οὗ
1241 1683 1403 1735 θέλων

262 1770 446 1820 θανεῖν.
536 1766 730 1821 τοιάνδε
759 1768 883 1835 πρὸς
916 1772 1114 1820 κακοῖσι
1146 1768 1365 1832 κληδόνα

262 1849 376 1915 ἔξω.
463 1852 517 1904 τί
540 1872 625 1917 μοι
658 1853 750 1916 ζῆν
781 1855 903 1917 δῆτα
934 1852 1143 1919 κέρδιον,
1178 1853 1336 1919 φίλοι,
1725 1855 1805 1909 960

263 1941 422 1990 κακῶς
454 1935 652 1988 κλύοντι
684 1936 763 1988 καὶ
796 1941 955 1990 κακῶς
986 1935 1286 2004 πεπραγότι;

137 2102 230 2151 Χο.
347 2099 446 2166 ἐγὼ
480 2098 559 2150 καὶ
589 2100 670 2150 διὰ
698 2098 892 2164 μούσας
1674 2090 1807 2163 [στρ.

264 2182 343 2234 καὶ
372 2182 638 2251 μετάρσιος
666 2182 775 2255 ᾖξα,
810 2183 890 2234 καὶ

263 2266 518 2319 πλείστων
549 2266 808 2334 ἁψάμενος
836 2266 1006 2333 λόγων

349 2355 585 2418 κρεῖσσον
616 2351 758 2403 οὐδὲν
790 2349 1039 2417 Ἀνάγκας
1655 2395 1657 2397 .
1726 2353 1807 2406 965

265 2434 432 2502 ηὗρον,
465 2434 578 2487 οὐδέ
606 2456 653 2487 τι
684 2433 948 2502 φάρμακον

351 2521 620 2592 Θρῄσσαις
651 2520 704 2571 ἐν
737 2520 953 2577 σανίσιν,
987 2520 1075 2572 τὰς

348 2602 564 2671 Ὀρφεία
590 2601 911 2670 κατέγραψεν

194 2733 276 2771 943
307 2719 443 2773 ἐξόδου
460 2720 670 2770 Lenting:
703 2719 865 2761 εἰσόδου
880 2719 1000 2759 codd.
1016 2722 1106 2761 etz
1254 2730 1334 2768 944
1366 2717 1646 2770 ἐξελᾷνΒῖε
1678 2719 1814 2768 ἐξελεῖ

143 2773 177 2814 Ρ
197 2781 240 2814 et
258 2775 352 2815 sine
374 2775 501 2815 dubio
523 2776 558 2814 L
723 2775 806 2824 948
836 2774 1033 2814 πίτνοντα
1051 2772 1281 2812 Wecklein
1437 2783 1520 2820 950
1548 2774 1679 2812 οἴκους
1700 2771 1734 2809 L
1748 2771 1782 2809 P
1800 2785 1810 2810 ε

143 2830 253 2870 οἶκον
275 2829 365 2869 VB
568 2842 646 2880 951
680 2829 719 2870 τ’
741 2827 1014 2867 Wakefield:
1043 2827 1084 2880 γ’
1107 2828 1232 2867 codd.
1435 2837 1516 2875 954
1551 2828 1648 2879 κυρῇ
1676 2824 1810 2864 Monk

141 2895 222 2934 957
266 2884 340 2925 εἶτ’
374 2884 493 2924 VB:
538 2884 630 2938 κᾷτ’
665 2884 747 2923 LP
939 2883 1024 2932 960
1066 2881 1224 2935 κέρδιον
1258 2878 1472 2930 Purgold:
1518 2878 1655 2921 κύδιον
1686 2879 1809 2919 codd.

141 2940 223 2989 964
253 2937 473 2992 ἁψάμενος]
496 2938 710 2993 ἀρξάμενος
733 2937 852 2977 Stob.
875 2937 900 2976 i.
925 2950 962 2986 4.
987 2949 1013 2986 3
