2118 3366
774 116 1274 167 ΑΝΔΡΟΜΑΧΗ

193 249 293 310 Πη.
318 247 465 311 οἴμοι·
510 246 612 298 τόδ’
642 246 735 312 ἤδη
767 247 944 299 δεινόν.
1033 247 1129 317 οὐχ
1157 249 1280 300 ὅσον
1309 248 1462 317 τάχος

316 328 610 396 χωρήσεταί
631 351 706 384 τις
737 331 962 395 Πυθικὴν
994 331 1115 398 πρὸς
1146 332 1318 384 ἑστίαν

319 413 399 465 καὶ
429 413 628 466 τάνθάδ’
659 416 779 465 ὄντα
808 420 913 468 τοῖς
942 416 1046 465 ἐκεῖ
1071 413 1207 478 λέξει
1238 416 1423 481 φίλοις,

318 496 434 563 πρὶν
463 497 598 549 παῖδ’
630 496 914 566 Ἀχιλλέως
946 501 1206 550 κατθανεῖν
1237 500 1430 567 ἐχθρῶν
1459 498 1580 559 ὕπο,·

192 616 309 655 ΑΓΓ
318 618 484 655 ΕΛΟΣ

318 692 441 758 ὤμοι
469 713 570 757 μοι·
1752 709 1860 752 1070

317 777 424 830 οἵας
454 778 481 827 ὁ
510 775 714 842 τλήμων
745 779 977 845 ἀγγελῶν
1008 778 1110 843 ἥκω
1140 779 1295 848 τύχας

317 862 413 912 σοί,
430 860 490 920 τ’,
524 859 562 912 ὦ
591 862 776 929 γεραιέ,
814 863 892 914 καὶ
923 864 1126 929 φίλοισι
1156 864 1418 916 δεσπότου.

180 942 290 1009 ’Πη.
316 946 435 997 αἰαῖ·
482 946 755 1012 πρόμαντις
790 946 940 1012 θυμὸς
971 947 1036 1001 ὥς
1065 969 1112 999 τι
1142 952 1411 1018 προσδοκᾷ.

191 1031 284 1095 Αγ.
316 1028 402 1080 οὐκ
433 1028 544 1080 ἔστι
576 1051 658 1080 σοι
690 1035 804 1084 παῖς
836 1032 1024 1089 παιδός,
1059 1032 1123 1085 ὡς
1152 1031 1328 1103 μάθῃς,
1360 1030 1509 1099 γέρον

315 1116 504 1177 Πηλεῦ·
552 1113 757 1165 τοιάσδε
788 1114 1068 1181 φασγάνων
1100 1118 1296 1181 πληγὰς
1327 1115 1435 1183 ἔχει

317 1202 540 1264 Δελφῶν
569 1197 651 1249 ὑπ’
683 1199 874 1265 ἀνδρῶν
907 1201 985 1250 καὶ
1018 1201 1306 1265 Μυκηναίου
1336 1198 1495 1264 ξένου.
1757 1215 1859 1257 1075

190 1284 280 1332 Χο.
312 1282 344 1332 ἃ
373 1282 420 1340 ἆ,
454 1283 508 1333 τί
533 1281 751 1349 δράσεις,
785 1280 822 1333 ὦ
854 1282 1044 1350 γεραιέ,·
1090 1283 1156 1349 μὴ
1188 1283 1362 1355 πέσῃς·

315 1365 486 1432 ἔπαιρε
517 1366 718 1417 σαυτόν.
894 1371 992 1431 Πη.
1083 1367 1226 1419 οὐδέν
1257 1367 1366 1433 εἶμ’·
1414 1368 1704 1433 ἀπωλόμην.

315 1450 505 1515 φρούδη
536 1451 629 1515 μὲν
662 1449 800 1515 αὐδή,
837 1455 1028 1518 φροῦδα
1058 1451 1099 1502 δ’
1130 1450 1286 1518 ἄρθρα
1314 1474 1409 1517 μου
1441 1450 1585 1503 κάτω.

189 1535 280 1600 Αγ.
315 1532 547 1593 ἄκουσον,
584 1536 627 1586 εἶ
660 1536 738 1587 καὶ
772 1540 882 1590 σοῖς
915 1537 1086 1602 φίλοις
1118 1537 1384 1600 ἀμυναθεῖν

312 1619 526 1690 χρῄζεις,
560 1618 618 1670 τὸ
651 1619 895 1688 πραχθέν,
931 1619 1025 1671 σὸν
1057 1621 1376 1686 κατορθώσας
1406 1618 1571 1685 δέμας.
1750 1627 1860 1666 1080

189 1706 287 1767 Πη.
314 1700 351 1753 ὦ
381 1707 545 1770 μοῖρα,
579 1703 743 1770 γήρως
775 1703 1011 1772 ἐσχάτοις
1041 1704 1163 1771 πρὸς
1192 1703 1431 1770 τέρμασιν

312 1787 393 1838 οἵα
421 1809 485 1853 με
514 1787 602 1839 τὸν
633 1787 879 1852 δύστηνον
911 1788 1166 1855 ἀμφιβᾶσ’
1198 1789 1344 1857 ἔχεις.

313 1876 415 1924 πῶς
447 1871 488 1922 δ’
521 1872 716 1940 οἴχεταί
742 1893 826 1937 μοι
857 1877 972 1925 παῖς
1002 1874 1155 1938 μόνου
1184 1872 1358 1926 παιδὸς
1387 1873 1560 1938 μόνος,·

314 1955 531 2021 σήμαιν’·
580 1957 793 2007 ἀκοῦσαι
823 1956 864 2008 δ’
897 1957 982 2007 οὐκ
1013 1956 1217 2007 ἀκούσθ’
1249 1958 1380 2022 ὅμως
1411 1955 1558 2009 θέλω.

187 2042 280 2107 Αγ.
312 2040 420 2092 ἐπεὶ
450 2041 508 2092 τὸ
540 2040 737 2092 κλεινὸν
766 2040 985 2106 ἤλθομεν
1016 2042 1212 2106 Φοίβου
1242 2039 1408 2100 πέδον,
1753 2048 1855 2098 1085

311 2130 442 2191 τρεῖς
472 2128 564 2191 μὲν
595 2126 817 2192 φαεννᾶς
844 2125 988 2190 ἡλίου
1019 2123 1267 2189 διεξόδους

312 2208 401 2278 θέᾳ
431 2210 648 2262 διδόντες
679 2209 855 2275 ὄμματ’
887 2206 1276 2275 ἐξεπίμπλαμεν.

314 2295 393 2346 καὶ
422 2294 556 2345 τοῦθ’
585 2295 807 2346 ὕποπτον
839 2293 900 2358 ἧν
930 2293 1022 2361 ἄρ’·
1070 2295 1138 2347 εἷς
1170 2297 1223 2346 δὲ
1254 2292 1526 2347 συστάσεις

312 2379 520 2432 κύκλους
548 2378 592 2428 τ’
625 2378 805 2446 ἐχώρει
834 2377 958 2431 λαὸς
990 2376 1197 2445 οἰκήτωρ
1230 2380 1356 2429 θεοῦ.

311 2461 686 2530 Ἀγαμέμνονος
719 2464 773 2514 δὲ
803 2467 918 2516 παῖς
949 2463 1250 2531 διαστείχων
1279 2463 1429 2514 πόλιν
1752 2479 1856 2519 1090

311 2549 362 2600 ἐς
391 2547 474 2601 οὓς
507 2546 700 2616 ἑκάστῳ
732 2550 994 2612 δυσμενεῖς
1022 2547 1146 2611 ηὔδα
1175 2547 1373 2614 λόγους·

243 2665 346 2713 1067
375 2665 545 2714 πυθικὴν
566 2665 641 2705 ἀνὰ
660 2663 790 2716 χθόνα
809 2663 900 2702 AV
923 2666 1048 2713 (corr,
1068 2663 1139 2715 V²)
1332 2676 1437 2713 1070
1468 2663 1512 2704 ἶῶ
1531 2680 1598 2714 μοι
1618 2680 1684 2714 μοι
1707 2663 1740 2701 L
1755 2662 1857 2702 PV²

185 2717 377 2770 ἀγγέλων
411 2718 506 2757 MV
537 2721 663 2770 (corr.
697 2718 796 2770 V²):
839 2718 1061 2771 ἀγγέλλων
1094 2718 1186 2757 ΑΟ
1403 2730 1506 2767 1073
1551 2721 1784 2770 προσδοκῶν
1821 2718 1854 2756 Ρ

190 2785 292 2822 1074
324 2772 432 2825 ἔχων
451 2773 541 2812 AV
759 2785 861 2822 1075
893 2787 974 2813 om.
999 2773 1039 2811 M
1058 2774 1096 2812 Ο
1116 2773 1154 2810 D
1365 2775 1469 2822 1076
1499 2772 1542 2813 αῖ
1560 2773 1603 2813 αῖ
1621 2771 1662 2810 Μ
1813 2771 1856 2812 τί

185 2826 312 2881 δράσῃ
348 2826 388 2868 σ’
417 2827 457 2866 V
681 2840 786 2877 1079
831 2830 866 2869 εἶ
899 2828 985 2879 καὶ]
1018 2831 1058 2868 εἴ
1083 2845 1136 2878 τι,
1170 2833 1216 2866 ut
1245 2827 1347 2875 vid„
1380 2833 1411 2870 Σ
1577 2826 1778 2875 ἇμυνάθην
1811 2825 1852 2864 Μ

188 2882 295 2920 1080
322 2881 467 2935 χρήζει
481 2882 572 2921 AV
752 2884 852 2922 1081
884 2885 1012 2935 γῆρας
1025 2882 1078 2921 V²
1248 2883 1352 2931 1083
1382 2883 1415 2922 δ’
1434 2894 1515 2921 om.
1533 2881 1566 2919 L
1582 2881 1616 2919 P
1725 2898 1800 2931 μου
1817 2880 1855 2918 V

187 2936 314 2988 (corr.
339 2925 412 2988 ΥΞ)
435 2943 476 2976 et
503 2937 683 2978 sortasse
703 2937 898 2989 primitus
920 2937 961 2975 M
1117 2938 1220 2986 1084
1252 2934 1416 2977 ἀκοῦστ’
1441 2935 1524 2975 M²z
1555 2934 1692 2976 ἆκοῦσ’
1716 2935 1750 2974 L
1767 2934 1852 2973 ΡΟ
