2118 3366
933 135 1195 184 EKABH

358 264 568 330 μισθοὺς
597 264 815 317 διδόντες
842 264 1130 328 μανθάνειν,
1163 265 1226 316 ἵν’
1254 265 1315 331 ἧν
1345 288 1469 320 ποτε

359 350 548 399 πείθειν
578 346 610 398 ἅ
638 369 713 401 τις
741 347 982 413 βούλοιτο
1011 347 1280 416 τυγχάνειν
1311 350 1355 401 θ’
1386 350 1512 415 ἅμα,·

360 436 463 485 πῶς
494 432 579 483 οὖν
610 431 677 483 ἔτ’
707 430 769 483 ἄν
798 452 874 485 τις
903 434 1115 485 ἐλπίσαι
1144 432 1349 499 πράξειν
1382 439 1568 493 καλῶς;
1827 439 1908 479 820

363 516 410 566 οἱ
436 517 530 580 μὲν
558 517 654 582 γὰρ
684 517 825 568 ὄντες
854 519 1027 571 παῖδες
1057 515 1215 568 οὐκέτ’
1247 519 1351 569 εἰσί
1375 539 1476 583 μοι,

359 597 479 663 αὕτη
511 597 554 649 δ’
587 598 663 651 ἐπ’
694 600 926 666 αἰσχροῖς
956 600 1294 669 αἰχμάλωτος.
1368 602 1587 668 οἴχομαι·

361 681 548 734 καπνὸν
579 685 631 734 δὲ
661 684 859 737 πόλεως
888 684 1020 736 τόνδ’
1049 682 1449 754 ὑπερθρῴσκονθ’
1480 685 1593 750 ὁρῶ.

401 834 404 838 ⁴
444 766 525 818 καὶ
554 764 853 832 μήν--ἵσως
881 770 974 833 μὲν
1004 773 1091 820 τοῦ
1119 769 1277 835 λόγου
1308 767 1452 820 κενὸν
1481 769 1612 826 τόδε,

362 850 556 917 Κύπριν
585 850 918 918 προβάλλειν·
965 852 1080 904 ἀλλ’
1113 853 1244 918 ὅμως
1276 851 1543 920 εἰρήσεται·
1825 857 1904 907 825

360 933 483 1001 πρὸς
513 939 656 986 σοῖσι
684 940 917 1002 πλευροῖς
947 940 1064 990 παῖς
1093 936 1185 1001 ἐμὴ
1217 936 1486 1002 κοιμίζεται

359 1017 391 1083 ἡ
421 1018 629 1086 φοιβάς,
651 1016 723 1083 -ἢν
753 1024 963 1071 καλοῦσι
996 1019 1299 1087 Κασάνδραν
1329 1021 1539 1086 Φρύγες.

359 1106 455 1154 ποῢ
484 1104 575 1156 τὰς
604 1104 760 1170 φίλας
789 1102 893 1168 δῆτ’
924 1103 1172 1171 εὐφρόνας
1201 1103 1392 1169 δείξεις,
1427 1101 1567 1167 ἄναξ,

358 1182 390 1250 ἢ
418 1192 518 1239 τῶν
550 1189 605 1238 ἐν
635 1187 750 1259 εὐνῇ
783 1186 1041 1254 φιλτάτων
1070 1188 1417 1253 ἀσπασμάτων

359 1269 508 1337 χάριν
538 1269 630 1322 τίν’
660 1270 763 1335 ἔξει
792 1277 908 1326 παῖς
939 1270 1047 1337 ε’μή,
1083 1274 1245 1337 κείνης
1276 1272 1317 1323 δ’
1350 1272 1473 1340 ἐγώ;
1825 1278 1906 1328 830

358 1351 433 1419 [ἐκ
459 1359 546 1406 τοῦ
577 1355 761 1407 σκότου
787 1377 845 1408 τε
871 1361 970 1407 τῶν
999 1378 1055 1408 τε
1084 1357 1422 1424 νυκτερησίων

361 1439 589 1505 φίλτρων
617 1440 833 1506 μεγίστη
862 1441 1090 1507 γίγνεται
1117 1445 1323 1507 βροτοῖς
1353 1436 1532 1508 χάρις.]

359 1521 507 1574 ἄκουε
536 1521 594 1586 δή
625 1544 728 1574 νυν·
774 1522 861 1574 τὸν
892 1525 1108 1576 θανόντα
1135 1524 1267 1576 τόνδ’
1299 1525 1440 1594 ὁρᾷς;

359 1610 535 1658 τοῦτον
565 1611 726 1659 καλῶς
757 1611 885 1675 δρῶν
914 1609 1036 1660 ὄντα
1067 1607 1311 1673 κηδεστὴν
1343 1608 1492 1660 σέθεν

361 1689 577 1757 δράσεις.
667 1691 779 1744 ἑνός
805 1713 890 1756 μοι
919 1695 1071 1757 μῦθος
1104 1692 1274 1756 ἐνδεὴς
1306 1693 1394 1744 ἔτι.
1827 1696 1904 1749 835

360 1775 408 1826 εἴ
430 1795 517 1840 μοι
542 1773 742 1842 γένοιτο
770 1776 996 1842 φθόγγος
1027 1778 1082 1828 ἐν
1111 1777 1359 1844 βραχίοσι

361 1859 440 1910 καὶ
469 1859 620 1927 χερσὶ
652 1859 732 1911 καὶ
763 1860 968 1924 κόμαισι
998 1861 1078 1912 καὶ
1110 1864 1274 1912 ποδῶν
1304 1858 1463 1926 βάσει

360 1939 392 2007 ἢ
424 1940 682 1995 Δαιδάλου
707 1942 970 2011 τέχναισιν
997 1940 1027 2008 ἢ
1058 1948 1185 1996 θεῶν
1215 1966 1362 2003 τινος,

362 2026 427 2080 ὡς
456 2024 602 2078 πάνθ’
635 2028 823 2100 ὁμαρτῇ
854 2033 961 2080 σῶν
993 2029 1190 2097 ἔχοιντο
1220 2026 1474 2096 γουνάτων

361 2111 599 2170 κλαίοντ’,
632 2110 1008 2176 ἐπισκήπτοντα
1037 2114 1302 2167 παντοίους
1331 2114 1529 2180 λόγους.
1823 2118 1905 2169 840

359 2194 398 2247 ὦ
428 2195 648 2255 δέσποτ’,
682 2193 719 2246 ὦ
748 2195 993 2264 μέγιστον
1013 2195 1273 2262 “Έλλησιν
1303 2195 1448 2264 φάος,

359 2283 521 2339 πιθοῦ,
554 2278 816 2349 παράσχες
846 2286 992 2349 χεῖρα
1020 2289 1081 2354 τῇ
1110 2282 1409 2349 πρεσβύτιδι

287 2397 382 2444 818,
403 2398 485 2446 819
511 2395 562 2438 ἵν’
584 2395 636 2445 ἣν
654 2426 664 2435 .
690 2426 701 2436 .
727 2426 737 2435 .
762 2396 989 2449 τυγχάνειν
1009 2410 1090 2436 om.
1111 2397 1152 2435 A
1280 2398 1362 2435 818
1391 2396 1442 2444 ἧν
1463 2396 1651 2447 Elmsley
1672 2409 1682 2434 z
1713 2411 1759 2432 me
1782 2396 1822 2434 M
1841 2397 1875 2435 B
1895 2410 1904 2435 :

233 2449 258 2499 ἧ
281 2451 340 2490 M²
354 2450 404 2489 B²
419 2452 452 2490 L
470 2451 504 2490 P
615 2452 698 2490 820
727 2455 810 2492 πῶς
826 2450 866 2489 Α
880 2451 914 2490 L
927 2451 961 2490 P
979 2465 988 2490 τ
1019 2452 1060 2492 τί
1078 2452 1118 2489 Μ
1138 2453 1173 2490 Β
1274 2451 1424 2500 ἐλπίση
1443 2452 1477 2490 L
1587 2452 1663 2490 821
1695 2452 1775 2504 γὰρ
1791 2451 1905 2493 ὄντες

236 2505 277 2543 Μ
297 2507 329 2544 L
344 2506 382 2545 O
403 2520 412 2545 :
440 2509 631 2547 τοσοῦτοι
648 2506 688 2544 Α
707 2506 741 2544 Ρ
759 2521 768 2547 2
797 2506 962 2547 τοσοίδε
985 2507 1020 2545 Β
1047 2507 1156 2556 (ποτ’
1174 2506 1290 2547 ὄντες
1304 2506 1439 2558 Weil)
1566 2508 1647 2544 822
1678 2507 1780 2554 αὕτη
1799 2507 1827 2557 (‘
1843 2518 1902 2545 sc.

240 2560 489 2611 Cassandra,
519 2574 625 2610 quae
650 2561 763 2599 intus
793 2561 874 2599 est’
896 2561 1081 2609 Verrall)
1108 2561 1149 2599 M
1166 2561 1234 2599 A:
1268 2562 1370 2611 αὐτὴ
1391 2560 1447 2599 A²
1477 2560 1567 2600 rell.
1750 2561 1830 2610 823
1861 2559 1905 2601 δὲ

235 2618 310 2664 τῆς
328 2615 486 2657 πόλεως
510 2615 544 2654 L
561 2616 618 2667 (v.
636 2616 752 2655 delet
766 2616 946 2659 VerraIL
970 2616 1020 2654 cf.
1041 2629 1107 2654 vv.
1129 2617 1155 2654 8
1177 2622 1220 2655 et
1239 2617 1338 2667 940)
1452 2631 1517 2668 γρ.
1543 2615 1849 2669 ὑπερτέλλοντα
1870 2615 1906 2654 Β

234 2670 314 2719 824
336 2670 473 2711 κενδνἾ
491 2670 604 2722 ξένον
621 2670 769 2708 Nauck
881 2671 963 2708 826
984 2673 1081 2724 σῇσι
1099 2671 1232 2719 (σαῖσι
1247 2670 1306 2722 Β)
1323 2673 1514 2723 πλευραῖς
1531 2670 1565 2708 L
1580 2669 1613 2708 P
1631 2670 1665 2708 B
1778 2670 1856 2719 827
1879 2671 1904 2720 ἡ

235 2737 316 2764 om.
331 2724 366 2763 L
450 2725 532 2774 829
550 2726 576 2774 ἢ
591 2726 596 2775 ξ
611 2729 687 2765 ποῦ
700 2725 972 2764 Herwerden
984 2725 1047 2776 (et
1061 2724 1181 2778 χάριν
1193 2725 1290 2776 τιν’)
1378 2724 1564 2773 831‚832
1586 2725 1666 2763 del.
1684 2724 1901 2766 Matthiae.

235 2778 380 2817 Citant
389 2778 526 2817 Orion
539 2779 671 2819 Anth.
684 2780 770 2818 viii.
790 2792 837 2828 17
855 2794 864 2818 :
886 2780 1029 2820 Schol.
1045 2780 1171 2819 Hom.
1186 2779 1268 2817 Od.
1279 2793 1321 2819 x.
1336 2781 1413 2828 481
1431 2794 1440 2818 :
1461 2779 1639 2818 Tzetzes
1654 2779 1786 2828 Exeg.
1799 2792 1838 2829 p.
1851 2781 1906 2818 86

235 2834 310 2882 831
353 2833 525 2875 σκότους
555 2833 590 2872 Β
607 2834 641 2872 L
656 2834 690 2872 P
816 2851 865 2874 τε
893 2833 995 2885 τῶν]
1027 2836 1107 2887 γὰρ
1139 2838 1222 2875 τῶν
1255 2834 1295 2872 Α
1314 2834 1347 2872 L
1378 2850 1443 2887 γρ.
1480 2835 1504 2872 b
1633 2835 1906 2888 νυκτερησίων

237 2887 388 2928 Nauck
404 2901 415 2926 t
459 2888 657 2942 νυκτέρων
689 2888 892 2927 Tzetzes:
939 2888 1138 2941 νυκτέρων
1170 2887 1274 2929 πάνυ
1306 2888 1347 2926 Α
1361 2888 1400 2926 O
1418 2889 1441 2926 b
1457 2903 1464 2928 ε
1510 2887 1710 2941 νυκτέρων
1743 2893 1906 2942 βροτοῖς

238 2941 280 2981 Μ
297 2942 332 2982 L
347 2942 382 2981 P
394 2941 428 2980 F
539 2943 619 2992 832
639 2945 797 2991 θνητοῖς
814 2942 849 2980 L
867 2942 901 2980 P
913 2949 956 2980 et
971 2941 1030 2980 Μ2
1046 2943 1088 2981 in
1106 2955 1187 2982 ras,
1204 2954 1298 2981 cum
1313 2942 1476 2982 Orione
1579 2944 1658 2992 837
1678 2959 1742 2996 γρ.
1762 2944 1904 2991 βαδίσ-

231 3010 354 3045 μασιν
370 2993 405 3031 Β
422 2994 460 3033 O
573 2997 655 3045 839
676 2996 817 3047 ἔχοιτο
835 2997 877 3035 Μ
896 2997 950 3035 B:
990 3010 1098 3037 corr.
1118 2997 1170 3036 Β2
1280 2999 1360 3048 842
1382 2998 1592 3051 παράσχες
1606 3004 1705 3038 ante
1721 3012 1910 3038 rasuram

232 3048 288 3089 P:
319 3044 504 3103 περίσχ»
530 3050 571 3088 Μ
591 3065 600 3091 2
631 3050 709 3103 πάρ
720 3067 821 3103 ε’τσχε
844 3051 883 3090 A
908 3052 956 3103 (i.
976 3065 1013 3093 e.
1040 3051 1218 3106 πάρισχε
1239 3054 1363 3106 puto)
1382 3067 1390 3093 z
1422 3053 1611 3108 πάρασχε
1635 3053 1758 3093 M²A¹
1776 3054 1810 3092 Β
1830 3054 1862 3092 L
1878 3054 1912 3092 P
