2118 3366
909 137 1350 190 ΕΥΡΙΠΙΔΟΥ

415 265 599 318 τίκτειν
627 265 670 318 δ’
700 268 754 319 ἐν
784 269 939 323 οἴκοις
967 272 1150 324 παῖδας
1180 270 1446 339 ἐχθίστους
1477 271 1577 342 ἐᾷς.

417 349 522 416 ἁγὼ
552 351 761 420 προνοίᾳ
788 359 849 424 τῇ
878 372 934 404 τε
963 359 1031 425 σῇ
1062 354 1205 425 κᾶμῇ,
1236 351 1401 422 γέρον,
1879 363 1963 404 660

418 438 614 486 κτανεῖν
645 433 808 487 θέλων
837 434 973 501 τήνδ’
1004 437 1060 488 ἐκ
1089 441 1251 505 χερῶν
1282 436 1576 504 ἁρπάζομαι.

418 517 578 569 καίτοι
607 516 735 584 φέρ’·
782 517 1020 586 ἅψασθαι
1048 521 1144 586 γὰρ
1177 521 1264 573 οὐκ
1295 521 1510 589 αἰσχρὸν
1540 521 1715 590 λόγου·

416 596 478 664 ἢν
509 606 625 655 παῖς
653 603 745 667 μὲν
773 602 873 667 ἡμὴ
903 602 971 668 μὴ
1003 602 1136 676 τέκῃ,
1168 604 1350 669 ταύτης
1379 604 1422 657 δ’
1453 605 1551 658 ἄπο

416 682 690 750 βλάστωσι
721 690 908 745 παῖδες,
941 690 1096 752 τῆσδε
1126 691 1218 755 γῆς
1249 689 1524 743 Φθιώτιδος

419 766 625 832 στήσεις
654 768 935 837 τυράννους,
969 769 1227 839 βάρβαροι
1256 771 1298 823 δ’
1328 775 1468 827 ὄντες
1497 772 1644 840 γένος
1881 778 1962 832 665

408 850 668 917 ’Έλλησιν
697 853 923 920 ἄρξουσ’;
971 854 1059 907 εἶτ’
1091 856 1190 922 ἐγὼ
1219 858 1312 921 μὲν
1342 856 1399 907 οὗ
1429 863 1600 924 φρονῶ

416 941 578 1001 μισῶν
608 938 670 988 τὰ
697 936 762 1002 μὴ
795 939 974 997 δίκαια,
1008 939 1092 990 σοὶ
1122 939 1164 990 δ’
1197 938 1362 991 ἔνεστι
1391 945 1529 1001 noos,-

419 1016 631 1084 [κάκεῖνο
663 1025 751 1072 νῦν
779 1020 1016 1088 ἄθρησον·
1066 1024 1108 1074 εἰ
1140 1022 1205 1074 σὺ
1236 1028 1388 1075 παῖδα
1419 1023 1516 1089 σὴν

419 1104 533 1158 δούς
563 1125 630 1174 τῳ
662 1110 897 1165 πολιτῶν,
932 1105 1019 1158 εἶτ’
1050 1107 1249 1176 ἔπασχε
1277 1107 1460 1167 τοιάδε,

420 1195 542 1260 σιγῇ
573 1188 750 1252 καθῆσ’
781 1188 867 1249 ἄν,·
914 1189 971 1241 οὐ
1003 1194 1147 1242 δοκῶ·
1193 1190 1338 1256 ξένης
1368 1191 1409 1244 δ’
1440 1194 1564 1259 ὕπερ
1615 1186 1620 1191 “
1880 1197 1962 1249 670

420 1277 621 1323 τοιαῦτα
650 1271 858 1327 λάσκεις
887 1274 1002 1328 τοὺς
1033 1276 1332 1342 ἀναγκαίους
1363 1277 1567 1343 φίλους,”

423 1355 500 1407 καὶ
530 1355 628 1422 μὴν
656 1358 772 1409 ’ίσον
803 1356 850 1424 γ’
881 1357 1005 1425 ἀνήρ
1035 1380 1091 1411 τε
1122 1360 1201 1411 καὶ
1232 1359 1355 1426 γυνὴ
1387 1359 1554 1413 στένει

421 1439 713 1506 ἀδικουμένη
743 1441 865 1509 πρὸς
895 1443 1087 1510 ἀνδρός·
1135 1443 1199 1496 ὡς
1229 1443 1271 1495 δ’
1302 1445 1459 1499 αὔτως
1489 1444 1611 1512 ἀνὴρ

419 1529 630 1591 γυναῖκα
656 1527 1005 1593 μωραίνουσαν
1036 1528 1091 1579 ε’ν
1122 1528 1292 1593 δόμοις
1322 1528 1468 1596 ἔχων.

422 1609 502 1661 καὶ
530 1615 597 1679 τῷ
627 1611 720 1674 μὲν
750 1609 889 1662 ἔστιν
920 1612 975 1663 ἐν
1003 1616 1176 1679 χεροῖν
1205 1611 1336 1679 μέγα
1367 1612 1564 1672 σθένος,
1883 1619 1963 1670 675

420 1694 478 1765 τῇ
507 1692 548 1744 δ’
579 1695 633 1745 ἐν
663 1699 869 1760 γονεῦσι
900 1696 979 1747 καὶ
1011 1697 1181 1763 φίλοις
1211 1698 1271 1747 τὰ
1301 1696 1583 1764 πράγματα.

421 1777 595 1829 οὔκουν
628 1780 814 1830 δίκαιον
842 1784 946 1833 τοῖς
975 1779 1021 1846 γ’
1051 1782 1189 1844 ε’μοῖς
1221 1781 1547 1849 ἐπωφελεῖν,·]

421 1861 582 1928 γέρων
611 1861 768 1928 γέρων
799 1861 858 1914 εἶ.
930 1862 1021 1927 τὴν
1051 1863 1091 1915 δ’
1122 1864 1245 1929 ἐμὴν
1277 1867 1581 1932 στρατηγίαν

422 1944 587 2013 λέγων
617 1945 690 2011 ἔμ’
723 1946 941 2013 ὠφελοῖς
973 1946 1034 1999 ἂν
1065 1943 1096 2012 ἢ
1128 1953 1287 2016 σιγῶν
1317 1948 1487 2001 πλέον.

422 2028 606 2094 Ἑλένη
639 2029 681 2081 δ’
716 2030 958 2099 ἐμόχθησ’
990 2033 1085 2100 οὐχ
1114 2032 1298 2091 ἑκοῦσ’,
1333 2033 1450 2084 ἀλλ’
1484 2035 1537 2084 ἐκ
1570 2037 1711 2093 θεῶν,
1883 2038 1966 2079 680

426 2114 504 2165 καὶ
533 2118 675 2165 τοῦτο
707 2119 950 2167 πλεῖστον
981 2116 1252 2183 ὠφέλησεν
1280 2115 1525 2169 Ἑλλάδα·

424 2199 595 2250 ὅπλων
626 2201 719 2265 γὰρ
751 2201 891 2253 ὄντες
922 2200 1000 2251 καὶ
1030 2200 1196 2269 μάχης
1227 2202 1458 2268 ἆίστορες

423 2281 621 2347 ἔβησαν
652 2285 721 2336 εἷς
750 2284 1022 2351 τάνδρεῖον·
1065 2285 1096 2349 ἡ
1128 2284 1170 2336 δ’
1205 2285 1376 2350 ὁμιλία

424 2365 623 2419 πάντων
652 2372 886 2435 βροτοῖσι
914 2370 1140 2435 γίγνεται
1169 2369 1485 2424 διδάσκαλος.

426 2452 469 2502 εἰ
500 2450 541 2503 δ’
574 2452 643 2505 εἷς
673 2452 932 2519 πρόσοψιν
960 2456 1048 2517 τῆς
1077 2455 1197 2519 ἐμῆς
1229 2454 1390 2506 ἐλθὼν
1421 2455 1519 2521 ἐγὼ
1885 2459 1965 2509 685

351 2567 435 2616 659
477 2566 512 2607 δ’
553 2580 637 2608 om.
678 2567 776 2607 ΜΟ
884 2615 893 2625 „
969 2570 1053 2609 660
1095 2571 1206 2622 κάγὼ
1244 2569 1536 2610 Wilamowitz
1667 2573 1721 2625 σῇ
1759 2574 1881 2619 καλῆι
1922 2571 1964 2609 Μ

297 2621 375 2659 661
409 2621 625 2662 θανεΐνΑε
654 2621 797 2663 παύειν
812 2623 987 2662 Brunck
1123 2626 1204 2673 664
1235 2625 1382 2666 τούσδε
1400 2625 1573 2664 Brunck
1709 2627 1790 2674 665
1820 2625 1967 2674 στήσει

300 2676 335 2714 L
352 2675 387 2714 P
418 2675 547 2726 (corr.
570 2678 648 2727 p):
689 2677 825 2726 θήσεις
850 2694 916 2731 γρ.
940 2679 975 2717 Β
1179 2679 1370 2728 668-677
1411 2680 1492 2719 del.
1525 2679 1673 2719 Hirzel
1705 2679 1870 2725 (Habet
1895 2693 1960 2719 vv.

296 2731 487 2780 672-677
534 2731 654 2770 Stob.
700 2745 764 2781 74.
803 2745 868 2782 24,
907 2738 950 2771 et
981 2747 1023 2773 v.
1062 2734 1141 2783 671
1184 2734 1398 2773 Choerob.
1440 2734 1578 2784 Epim.
1618 2747 1659 2784 p.
1699 2735 1754 2774 80
1791 2734 1965 2784 aliique)

297 2786 378 2833 672
415 2784 457 2837 γ’
478 2798 560 2824 om.
585 2785 696 2825 VL:
735 2786 774 2827 τ’
797 2787 832 2826 Β
849 2787 887 2826 Ο
1030 2789 1166 2830 στένει
1188 2789 1360 2828 Dobree
1383 2788 1538 2839 (cne'vec
1563 2788 1759 2839 primitus
1779 2788 1836 2828 M.
1898 2788 1962 2828 Cf.

300 2839 406 2879 Hec.
432 2841 534 2890 807)
555 2855 565 2879 ε
595 2840 729 2882 σθένει
748 2842 873 2882 codd.
894 2848 939 2882 et
957 2848 989 2886 Σ
1159 2844 1241 2894 673
1270 2846 1397 2886 αὔτως
1417 2843 1612 2894 primitus
1633 2843 1692 2883 L:
1723 2844 1852 2885 αὕτως
1872 2843 1962 2883 rell.

298 2896 378 2944 677
407 2895 450 2947 γ’
473 2898 580 2945 ἐμοῖς
599 2896 642 2948 γ’
658 2896 697 2934 V
808 2895 869 2948 ἔμ’
891 2897 1069 2949 ὠφελεῖν
1088 2898 1207 2938 Stob.
1232 2911 1296 2948 74.
1321 2911 1374 2947 24
1508 2900 1591 2948 679
1618 2898 1790 2951 ὠφελεῖς
1812 2897 1854 2937 Μ
1870 2897 1904 2937 Ρ
1923 2904 1967 2937 et

299 2949 693 3046 ngzls‘effrimitus
709 2950 745 2989 L
859 2953 942 2992 682
970 2953 1157 3006 ἀίστορες
1173 2953 1208 2992 L
1224 2953 1282 2994 P:
1313 2952 1522 3006 ἀνίστορες
1537 2953 1628 2993 rell.
1751 2954 1832 3001 684
1861 2950 1966 2994 διδά·
