2118 3366
830 125 1273 175 ΕΎῬΙΠΙΔΟΤ

335 252 497 321 πατήρ
528 274 583 307 τε
615 255 820 322 θυγατρὶ
853 259 970 309 παῖς
998 276 1054 307 τε
1081 255 1229 322 μητρὶ
1257 256 1490 323 μίγνυται

337 338 454 405 κόρη
486 338 528 390 τ’
559 340 782 409 ἀδελφῷ,
815 342 896 391 διὰ
928 339 1089 407 φόνου
1118 338 1161 390 δ’
1194 342 1242 392 οἱ
1275 341 1513 407 φίλτατοι
1597 390 1599 392 ,
1707 390 1710 393 «
1812 354 1888 396 175

335 427 574 490 χωροῦσι,
610 424 688 475 καὶ
717 422 861 475 τῶνδ’
893 423 1035 475 οὐδὲν
1069 422 1279 491 ἐξείργει
1311 424 1479 489 νόμος.

333 506 365 558 ἃ
392 505 458 571 μὴ
490 506 605 573 παρ’
637 506 765 571 ἡμᾶς
798 506 1011 574 εἴσφερ’·
1058 507 1171 559 οὐδὲ
1203 509 1299 574 γὰρ
1331 506 1488 559 καλὸν

333 592 469 641 δυοῖν
499 595 753 656 γυναικοῖν
783 589 918 656 ἄνδρ’
950 590 1018 642 ἕν’
1050 591 1192 655 ἡνίας
1222 591 1375 659 ἔχειν,

332 672 447 725 ἀλλ’
479 675 549 727 εἷς
576 674 696 738 μίαν
726 672 1010 738 βλέποντες
1041 674 1240 726 εὐναίαν
1273 674 1466 741 Κύπριν
1703 739 1705 741 ¹

334 755 650 823 στέργουσιν,
684 758 825 810 ὅστις
855 757 922 822 μὴ
957 762 1116 810 κακῶς
1145 759 1299 809 οἰκεῖν
1331 757 1494 811 θέλει..
1810 765 1885 805 ¹80

206 843 297 892 Xo.
331 841 609 907 ἐπίφθονόν
640 862 718 892 τοι
747 843 917 908 χρῆμα
947 842 1150 905 θηλείας
1183 841 1367 908 φρενὸς

332 925 411 976 καὶ
442 923 746 992 ξυγγάμοισι
775 927 1016 991 δυσμενὲς
1045 924 1250 991 μάλιστ’
1284 925 1377 977 ἀεί.

205 1015 295 1080 Αν.
329 1013 425 1075 φεῦ
457 1014 569 1075 φεῦ·

332 1094 482 1145 κακόν
512 1115 571 1160 γε
602 1097 799 1158 θνητοῖς
829 1092 885 1145 τὸ
917 1092 1032 1145 νέον
1063 1094 1117 1145 ἔν
1148 1114 1202 1145 τε
1233 1098 1300 1163 τῷ
1334 1091 1428 1163 νέῳ

329 1176 386 1228 τὸ
415 1177 482 1242 μὴ
516 1179 706 1229 δίκαιον
736 1179 878 1232 ὅστις
910 1178 1184 1244 ἀνθρώπων
1216 1177 1337 1246 ἔχει.
1803 1183 1878 1233 185

329 1261 427 1328 ἐγὼ
459 1263 511 1313 δὲ
543 1267 714 1329 ταρβῶ
746 1261 813 1327 μὴ
845 1261 901 1313 τὸ
932 1263 1187 1314 δουλεύειν
1215 1261 1279 1327 μέ
1310 1282 1394 1314 σοι

327 1346 497 1412 λόγων
528 1347 709 1417 ἆπώσῃ
741 1347 891 1398 πόλλ’
925 1346 1145 1414 ἔχουσαν
1179 1345 1362 1409 ἔνδικα,

326 1425 388 1494 ἢν
419 1430 459 1481 δ’
491 1430 550 1481 αὖ
583 1428 830 1497 κρατήσω,
863 1429 929 1496 μὴ
960 1429 1032 1482 ’πὶ
1062 1430 1174 1499 τῷδ’
1208 1432 1354 1497 ὄφλω
1385 1427 1616 1496 βλάβην·

329 1516 374 1566 οἱ
405 1516 499 1581 γὰρ
533 1513 770 1568 πνέοντες
798 1513 997 1581 μεγάλα
1027 1514 1139 1567 τοὺς
1173 1515 1436 1581 κρείσσους
1465 1514 1648 1582 λόγους

327 1603 512 1666 πικρῶς
543 1598 755 1666 φέρουσι
783 1603 883 1650 τῶν
915 1599 1213 1650 ἐλασσόνων
1242 1599 1354 1650 ὕπο·
1799 1612 1878 1654 190

327 1684 458 1748 ὅμως
490 1682 531 1734 δ’
566 1682 779 1748 ἐμαυτὴν
809 1683 879 1734 οὔ
899 1682 1132 1749 προδοῦσ’
1164 1682 1446 1748 ἁλώσομαι.

412 1766 524 1826 εἴπ’,
559 1765 596 1818 ὦ
629 1771 781 1825 νεᾶνι,
815 1772 882 1837 τῷ
916 1766 964 1817 σ’
1000 1766 1222 1836 ἐχεγγύῳ
1254 1766 1392 1836 λόγῳ

326 1851 576 1904 πεισθεῖσ’
613 1852 794 1903 ἆπωθῶ
827 1852 1049 1918 γνησίων
1082 1849 1468 1917 νυμφευμάτων,·

327 1936 391 1989 ὦς
420 1936 450 2001 ἡ
480 1934 707 1987 Λάκαινα
736 1940 835 1987 τῶν
867 1939 1078 2003 Φρυγῶν
1108 1936 1262 2000 μείων
1295 1935 1458 1992 πόλις,

323 2020 450 2091 τύχῃ
482 2019 526 2071 θ’
557 2022 775 2086 ὑπερθεῖ,
811 2018 921 2084 κᾶμ’
955 2018 1221 2086 ἐλευθέραν
1253 2020 1393 2088 ὁρᾷς;
1795 2031 1872 2074 195

322 2100 352 2168 ἢ
384 2109 449 2174 τῷ
483 2102 577 2174 νέῳ
610 2125 665 2156 τε
696 2105 774 2156 καὶ
808 2109 1092 2171 σφριγῶντι
1122 2104 1317 2168 σώματι

323 2189 520 2242 πόλεως
550 2210 605 2240 τε
633 2187 834 2255 μεγέθει
868 2188 946 2240 καὶ
979 2189 1150 2255 φίλοις
1181 2185 1428 2254 ἐπηρμένη

324 2272 459 2324 οἶκον
491 2278 764 2341 κατασχεῖν
794 2272 882 2323 τὸν
914 2271 1007 2323 σὸν
1038 2273 1148 2324 ἀντὶ
1180 2276 1274 2323 σοῦ
1304 2270 1434 2323 θέλω
1443 2291 1460 2330 ‚·

322 2358 533 2425 πότερον
563 2356 625 2409 ἵν’
657 2356 776 2421 αὐτὴ
812 2360 989 2410 παῖδας
1022 2357 1131 2408 ἀντὶ
1164 2361 1256 2407 σοῦ
1285 2354 1410 2407 τέκω

321 2441 529 2495 δούλους
560 2443 743 2514 ἐμαυτῇ
773 2440 815 2492 τ’
848 2442 1029 2492 ἀθλίαν
1062 2441 1330 2507 ἐφολκίδα,·
1793 2453 1873 2482 200

319 2521 349 2590 ἢ
382 2526 495 2579 τοὺς
529 2525 674 2591 ἐμούς
705 2547 779 2580 τις
809 2529 988 2579 παῖδας
1019 2523 1303 2589 ἐξανέξεται

252 2645 330 2683 180
378 2644 486 2685 θέλει
532 2643 677 2683 Haun.
722 2648 765 2682 et
816 2643 908 2682 cod.
961 2642 1146 2693 optimus
1196 2640 1315 2681 Stob.
1367 2651 1431 2689 74.
1480 2650 1507 2688 9
1526 2640 1534 2677 :⁴
1584 2638 1695 2679 θέλοι
1745 2637 1872 2678 codd.

197 2699 270 2738 181
316 2716 380 2739 τοι
412 2699 612 2738 Dobree:
655 2715 696 2739 τι
728 2698 849 2737 codd.
1016 2696 1179 2745 θηλείας
1213 2695 1357 2748 φρενὸς
1391 2698 1422 2736 Σ
1457 2698 1499 2731 et
1536 2692 1653 2731 Stob.
1689 2703 1753 2741 73.
1792 2692 1870 2730 18:

193 2757 365 2802 θηλειῶν
379 2753 452 2806 ἔφυ
468 2754 589 2795 codd.
603 2759 645 2792 et
660 2754 845 2792 fortasse
859 2752 968 2791 alter
981 2757 1012 2794 Σ
1129 2751 1204 2799 184
1228 2752 1271 2790 ἐν
1283 2748 1327 2790 δὲ
1343 2747 1461 2787 Stob.
1475 2758 1540 2796 52.
1557 2759 1575 2785 1
1664 2788 1666 2790 v
1693 2757 1772 2796 190
1791 2745 1869 2787 ἄπο

195 2808 416 2847 Hermann
600 2821 676 2859 194
706 2810 780 2856 τῆς
800 2811 966 2860 Φρυγῶν
987 2805 1185 2853 Scaliger
1365 2813 1442 2852 195
1470 2801 1580 2855 τύχῃ
1603 2800 1693 2839 sere
1715 2799 1837 2839 codd.
1858 2813 1868 2838 ε

191 2862 301 2915 τύχη
333 2863 368 2901 Β
388 2878 416 2914 :⁴
442 2868 494 2919 τῇ
527 2863 756 2915 εὐδαιμονίᾳ
786 2860 1034 2914 ὑπερβάλλει
1066 2860 1168 2909 (leg.
1203 2875 1244 2912 -ῃ
1260 2858 1291 2909 2)
1324 2862 1355 2900 Σ
1500 2856 1671 2894 videtur
1693 2851 1867 2908 Δὑπερθέῃ

191 2918 462 2958 scribendum
478 2932 589 2965 esse,
607 2931 702 2956 nam
718 2929 903 2966 persona
918 2915 1107 2953 secunda
1120 2913 1280 2963 passivi
1295 2924 1434 2962 praes,
1449 2911 1574 2949 indic.
1593 2914 1660 2948 est
1678 2923 1688 2947 e
1710 2910 1874 2961 ὑπερθεῖ

191 2975 298 3025 τᾶμ’,
320 2974 537 3027 ἐλευθέραν
557 2974 590 3013 θ’
614 2971 801 3020 Lenting
914 2968 1124 3019 ἐλεύθερον
1146 2968 1181 3006 Β
1317 2978 1391 3016 197
1423 2964 1605 3004 πλούτου
1623 2980 1670 3004 τε
1692 2962 1867 3002 Brunck

190 3043 274 3069 200
302 3029 362 3081 τ’]
382 3028 425 3082 γ’
448 3029 670 3067 Hermann
