2118 3366
734 112 1231 163 ΗΡΑΚΛΕΙΔΑΙ

277 243 376 309 ἐγὼ
406 243 459 293 δὲ
492 241 570 293 καὶ
604 242 696 304 ζῶν
729 242 808 294 καὶ
841 243 1019 301 θανών,
1052 244 1169 295 ὅταν
1202 242 1351 300 θάνω,
1743 261 1823 302 320

275 330 451 395 πολλῷ
483 324 534 375 σ’
563 326 747 395 ἐπαίνῳ
781 325 1013 390 Θησέως,
1046 323 1083 376 ὦ
1113 330 1221 384 τᾶν,
1253 325 1411 379 πέλας

274 407 475 475 ὑψηλὸν
505 410 604 475 ἀρῶ
637 408 717 460 καὶ
749 408 916 476 λέγων
945 408 1049 461 τάδ’
1081 409 1327 476 εὐφρανῶ,
1398 407 1402 410 ’

278 491 344 544 ὡς
374 491 427 543 εὖ
457 490 498 543 τ’
530 490 681 556 ἐδέξω
717 493 795 544 καὶ
825 492 1073 544 τέκνοισιν
1101 491 1318 560 ἤρκεσας

275 579 378 628 τοῖς
408 573 747 641 “Ηρακλείοις,
783 576 985 643 εὐγενὴς
1016 576 1059 627 δ’
1091 576 1166 628 ἀν’
1196 575 1424 627 Ἑλλάδα

278 655 451 727 σῴζεις
482 656 716 729 πατρῴαν
749 658 915 724 δόξαν,
949 658 1007 724 ἐξ
1034 662 1232 712 ἐσθλῶν
1264 663 1318 712 δὲ
1348 661 1446 727 φὺς
1546 666 1549 669 ’
1744 678 1819 718 325

276 743 418 794 οὐδὲν
450 743 629 794 κακίων
663 743 929 812 τυγχάνεις
957 744 1117 811 γεγὼς
1148 744 1348 810 πατρός,

275 825 475 892 παύρων
503 826 610 892 μετ’
643 827 830 879 ἄλλων·
877 827 964 879 ἕνα
994 829 1088 894 γὰρ
1121 829 1174 879 ἐν
1205 833 1417 881 πολλοῖς
1446 829 1570 882 ἴσως

277 910 435 976 εὕροις
466 909 525 962 ἂν
559 911 701 965 ὅστις
732 911 841 963 ἐστὶ
869 911 936 976 μὴ
967 913 1151 979 χείρων
1181 912 1381 978 πατρός.

150 997 241 1045 Χο.
275 994 358 1045 ἀεί
381 993 493 1046 ποθ’
525 995 611 1059 ἥδε
641 1000 760 1062 γαῖα
788 1000 893 1048 τοῖς
923 995 1199 1063 ἀμηχάνοις

279 1077 373 1129 σὺν
403 1083 470 1148 τῷ
503 1080 671 1149 δικαίῳ
702 1080 945 1144 βούλεται
974 1084 1344 1147 προσωφελεῖν.
1745 1097 1822 1136 330

275 1164 448 1229 τοιγὰρ
480 1163 662 1216 πόνους
693 1162 751 1227 δὴ
781 1164 981 1229 μυρίους
1009 1166 1131 1231 ὑπὲρ
1163 1165 1329 1231 φίλων

275 1245 470 1312 ἤνεγκε,
507 1246 586 1298 καὶ
617 1251 701 1299 νῦν
732 1247 864 1299 τόνδ’
895 1247 1045 1315 ἀγῶν’
1076 1250 1172 1315 ὁρῶ
1203 1247 1376 1302 πέλας.

153 1335 247 1395 Δη.
270 1330 359 1381 σοί
383 1329 425 1381 τ’
458 1331 510 1382 εὖ
540 1330 790 1390 λέλεκται,
826 1331 904 1383 καὶ
934 1334 995 1382 τὰ
1024 1331 1169 1384 τῶνδ’
1201 1333 1356 1401 αὐχῶ,
1388 1331 1551 1400 γέρον,

275 1414 459 1466 τοιαῦτ’
491 1414 718 1466 ἔσεσθαι·
763 1416 1159 1481 μνημονεύσεται
1188 1416 1349 1484 χάρις.

277 1499 411 1565 κάγὼ
440 1501 532 1564 μὲν
564 1501 730 1551 ἀστῶν
764 1500 1023 1567 σύλλογον
1057 1498 1327 1565 ποήσομαι,
1744 1518 1820 1558 335

276 1581 407 1647 τάξω
439 1582 498 1642 δ’,
531 1584 663 1637 ὅπως
693 1583 754 1635 ἂν
784 1583 870 1636 τὸν
901 1585 1204 1649 Μυκηναίων
1235 1584 1451 1652 στρατὸν

276 1672 443 1740 πολλῇ
475 1666 695 1735 δέχωμαι
727 1670 873 1736 χειρί·
920 1673 1090 1736 πρῶτα
1117 1671 1211 1734 μὲν
1242 1669 1463 1722 σκοποὺς

276 1749 461 1818 πέμψω
494 1751 615 1817 πρὸς
646 1752 809 1811 αὐτόν,
842 1752 908 1819 μὴ
938 1752 1068 1824 λάθῃ
1098 1775 1161 1818 με
1191 1754 1515 1819 προσπεσών·

274 1835 428 1904 ταχὺς
457 1837 552 1903 γὰρ
574 1835 754 1903 ’Άργει
785 1841 881 1890 πᾶς
911 1836 1032 1904 ἀνὴρ
1063 1838 1360 1903 βοηδρόμος·

273 1918 474 1984 μάντεις
505 1919 546 1972 δ’
577 1921 817 1987 ἀθροίσας
849 1922 1079 1986 θύσομαι.
1170 1921 1234 1972 σὺ
1264 1921 1307 1972 δ’
1342 1923 1391 1975 ἐς
1422 1922 1602 1987 δόμους
1741 1938 1819 1978 340

276 2004 370 2055 σὺν
400 2004 546 2056 παισὶ
577 2004 744 2073 χώρει,
781 2004 940 2070 Ζηνὸς
971 2003 1196 2072 ἐσχάραν
1225 2007 1403 2057 λιπών.

277 2089 408 2140 εἰσὶν
437 2090 534 2156 γὰρ
565 2090 617 2140 οἵ
637 2110 744 2148 σου,
781 2087 870 2141 κᾶν
903 2090 1002 2156 ἐγὼ
1033 2093 1228 2156 θυραῖος
1258 2088 1311 2148 ὦ,

273 2171 516 2239 μέριμναν
548 2171 731 2237 ἕξουσ’.
821 2173 938 2224 ἀλλ’
968 2173 1032 2225 ἴθ’
1064 2175 1114 2226 ἐς
1144 2175 1337 2239 δόμους,
1371 2173 1535 2241 γέρον.

152 2260 218 2308 Io.
271 2256 358 2308 οὐκ
388 2256 450 2308 ἂν
478 2259 676 2322 λίποιμι
706 2259 900 2323 βωμόν·
950 2258 1207 2322 ἑζώμεσθα
1237 2258 1293 2322 δὴ

276 2339 429 2392 ἱκέται
458 2340 694 2406 μένοντες
727 2340 888 2393 ἐνθάδ’
921 2342 973 2393 εὗ
1003 2340 1184 2407 πρᾶξαι
1215 2343 1380 2394 πόλιν·
1738 2359 1815 2398 345

276 2426 396 2476 ὅταν
426 2424 469 2476 δ’
500 2426 690 2492 ἀγῶνος
721 2425 850 2477 τοῦδ’
883 2427 1217 2498 ἀπαλλαχθῇς
1248 2431 1427 2489 καλῶς,

273 2511 384 2574 ἴμεν
413 2508 534 2575 πρὸς
565 2511 741 2562 οἴκους.
830 2513 991 2561 θεοῖσι
1023 2509 1064 2561 δ’
1096 2509 1151 2560 οὐ
1182 2512 1410 2561 κακίοσιν

273 2593 543 2661 χρώμεσθα
574 2593 914 2661 συμμάχοισιν
944 2593 1201 2660 Ἀργείων,
1236 2593 1375 2658 ἄναξ·

201 2722 283 2761 320
312 2709 415 2752 θάνω
435 2710 678 2752 Brodaeus:
712 2710 830 2761 θοίνης
852 2711 885 2749 L
901 2710 934 2750 P
1081 2724 1158 2761 321
1191 2712 1220 2752 ὦ
1241 2712 1318 2753 τὰν
1340 2711 1373 2750 L
1390 2712 1445 2752 P:
1480 2717 1738 2761 suspectum,
1761 2712 1814 2751 cf.

147 2778 188 2806 v.
206 2766 288 2805 688
408 2777 490 2814 322
520 2767 599 2820 ἆρῶ
622 2765 834 2815 Elmsley:
865 2769 958 2819 αἵρω
982 2766 1016 2804 L
1031 2766 1065 2804 P
1187 2779 1266 2816 323
1298 2769 1349 2807 ὡς
1370 2767 1405 2807 δ’
1423 2766 1457 2804 Ρ
1581 2768 1663 2815 336
1691 2765 1815 2818 τάξας

147 2819 439 2869 S'Kirchhoff
651 2821 733 2871 338
770 2821 826 2872 μὴ
856 2821 968 2869 λάβη
1000 2820 1034 2859 Ρ
1247 2834 1328 2870 340
1355 2820 1521 2871 μάντεις
1542 2821 1576 2861 δ’
1600 2820 1811 2869 Lenting:

145 2872 311 2925 μάντεις
329 2874 367 2916 τ’
391 2875 424 2914 L
439 2874 474 2914 P
661 2889 741 2926 344
773 2875 980 2926 ἑζώμεσθα
1000 2874 1188 2925 Elmsley
1207 2889 1216 2914 ε
1248 2874 1445 2926 ἑζόμεσθα
1467 2875 1499 2913 L
1517 2875 1550 2913 P
1572 2875 1814 2927 (εὐξόμεσθα

147 2927 193 2970 δὲ
213 2929 367 2979 Cobet)
534 2932 617 2980 346
647 2931 918 2984 ἀπαλλαχθῇς
940 2929 1011 2967 L²=
1050 2931 1300 2984 ἀπαλλαχθῇ
1323 2930 1355 2967 L
1372 2930 1405 2968 P
