<?xml version="1.0" encoding="UTF-8"?>
<!DOCTYPE html PUBLIC "-//W3C//DTD XHTML 1.0 Transitional//EN"
    "http://www.w3.org/TR/xhtml1/DTD/xhtml1-transitional.dtd">
<html xmlns="http://www.w3.org/1999/xhtml" xml:lang="en" lang="en">
 <head>
  <title>
</title>
<meta http-equiv="Content-Type" content="text/html;charset=utf-8" />
  <meta name='ocr-system' content='tesseract 3.04.00' />
  <meta name='ocr-capabilities' content='ocr_page ocr_carea ocr_par ocr_line ocrx_word'/>
</head>
<body>
  <div class='ocr_page' id='page_1' title='image "./euripidistragoed01euriuoft_0278.png"; bbox 0 0 2118 3366; ppageno 0'>
   <div class='ocr_carea' id='block_1_1' title="bbox 878 153 1320 205">
    <p class='ocr_par' dir='ltr' id='par_1_1' title="bbox 878 153 1320 205">
     <span class='ocr_line' id='line_1_1' title="bbox 878 153 1320 205; baseline 0.011 -5"><span class='ocrx_word' id='word_1_1' title='bbox 878 153 1320 205; x_wconf 75' lang='grc' dir='ltr'>ΕΥΡΙΠΙΔΟΥ</span> 
     </span>
    </p>
   </div>
   <div class='ocr_carea' id='block_1_2' title="bbox 386 278 1942 2703">
    <p class='ocr_par' dir='ltr' id='par_1_2' title="bbox 387 278 1414 351">
     <span class='ocr_line' id='line_1_2' title="bbox 387 278 1414 351; baseline 0.008 -21"><span class='ocrx_word' id='word_1_2' title='bbox 387 278 540 351; x_wconf 85' lang='grc' dir='ltr'>δούλῃ</span> <span class='ocrx_word' id='word_1_3' title='bbox 573 278 817 345; x_wconf 84' lang='grc' dir='ltr'>κατέστης</span> <span class='ocrx_word' id='word_1_4' title='bbox 849 282 920 335; x_wconf 86' lang='grc' dir='ltr'>εἰς</span> <span class='ocrx_word' id='word_1_5' title='bbox 951 281 1129 348; x_wconf 82' lang='grc' dir='ltr'>ἀγῶν’,·</span> <span class='ocrx_word' id='word_1_6' title='bbox 1175 283 1263 336; x_wconf 82' lang='grc' dir='ltr'>οὐκ</span> <span class='ocrx_word' id='word_1_7' title='bbox 1292 284 1414 351; x_wconf 80' lang='grc' dir='ltr'>ἀξιῶ</span> 
     </span>
    </p>

    <p class='ocr_par' dir='ltr' id='par_1_3' title="bbox 387 361 1517 435">
     <span class='ocr_line' id='line_1_3' title="bbox 387 361 1517 435; baseline 0.009 -23"><span class='ocrx_word' id='word_1_8' title='bbox 387 361 490 413; x_wconf 82' lang='grc' dir='ltr'>οὔτ’</span> <span class='ocrx_word' id='word_1_9' title='bbox 520 362 608 414; x_wconf 80' lang='grc' dir='ltr'>οὖν</span> <span class='ocrx_word' id='word_1_10' title='bbox 639 365 701 416; x_wconf 81' lang='grc' dir='ltr'>σὲ</span> <span class='ocrx_word' id='word_1_11' title='bbox 730 365 915 431; x_wconf 89' lang='grc' dir='ltr'>Τροίας</span> <span class='ocrx_word' id='word_1_12' title='bbox 945 366 1060 418; x_wconf 82' lang='grc' dir='ltr'>οὔτε</span> <span class='ocrx_word' id='word_1_13' title='bbox 1089 371 1184 418; x_wconf 87' lang='grc' dir='ltr'>σοῦ</span> <span class='ocrx_word' id='word_1_14' title='bbox 1211 369 1398 435; x_wconf 84' lang='grc' dir='ltr'>Τροίαν</span> <span class='ocrx_word' id='word_1_15' title='bbox 1427 369 1517 422; x_wconf 84' lang='grc' dir='ltr'>ἔτι.</span> 
     </span>
    </p>

    <p class='ocr_par' dir='ltr' id='par_1_4' title="bbox 386 441 1934 603">
     <span class='ocr_line' id='line_1_4' title="bbox 387 441 1934 519; baseline 0.008 -22"><span class='ocrx_word' id='word_1_16' title='bbox 387 441 590 510; x_wconf 84' lang='grc' dir='ltr'>[ἔξωθέν</span> <span class='ocrx_word' id='word_1_17' title='bbox 620 448 751 499; x_wconf 85' lang='grc' dir='ltr'>εἰσιν</span> <span class='ocrx_word' id='word_1_18' title='bbox 781 450 827 500; x_wconf 80' lang='grc' dir='ltr'>οἱ</span> <span class='ocrx_word' id='word_1_19' title='bbox 857 451 1118 504; x_wconf 86' lang='grc' dir='ltr'>δοκοῦντες</span> <span class='ocrx_word' id='word_1_20' title='bbox 1148 451 1202 503; x_wconf 76' lang='grc' dir='ltr'>εὖ</span> <span class='ocrx_word' id='word_1_21' title='bbox 1233 458 1438 519; x_wconf 84' lang='grc' dir='ltr'>φρονεῖν</span> <span class='ocrx_word' id='word_1_22' title='bbox 1855 475 1934 516; x_wconf 85' lang='lat'>330</span> 
     </span>
     <span class='ocr_line' id='line_1_5' title="bbox 386 530 1615 603; baseline 0.009 -23"><span class='ocrx_word' id='word_1_23' title='bbox 386 531 622 597; x_wconf 87' lang='grc' dir='ltr'>λαμπροί,</span> <span class='ocrx_word' id='word_1_24' title='bbox 654 532 716 581; x_wconf 79' lang='grc' dir='ltr'>τὰ</span> <span class='ocrx_word' id='word_1_25' title='bbox 745 530 789 582; x_wconf 90' lang='grc' dir='ltr'>δ’</span> <span class='ocrx_word' id='word_1_26' title='bbox 822 531 968 584; x_wconf 82' lang='grc' dir='ltr'>ἔνδον</span> <span class='ocrx_word' id='word_1_27' title='bbox 998 536 1156 586; x_wconf 79' lang='grc' dir='ltr'>πᾶσιν</span> <span class='ocrx_word' id='word_1_28' title='bbox 1188 535 1466 603; x_wconf 83' lang='grc' dir='ltr'>ἀνθρώποις</span> <span class='ocrx_word' id='word_1_29' title='bbox 1494 540 1615 601; x_wconf 83' lang='grc' dir='ltr'>ἴσοι,</span> 
     </span>
    </p>

    <p class='ocr_par' dir='ltr' id='par_1_5' title="bbox 389 612 1582 689">
     <span class='ocr_line' id='line_1_6' title="bbox 389 612 1582 689; baseline 0.009 -26"><span class='ocrx_word' id='word_1_30' title='bbox 389 612 523 677; x_wconf 80' lang='grc' dir='ltr'>πλὴν</span> <span class='ocrx_word' id='word_1_31' title='bbox 555 614 603 665; x_wconf 84' lang='grc' dir='ltr'>εἴ</span> <span class='ocrx_word' id='word_1_32' title='bbox 627 634 675 664; x_wconf 92' lang='grc' dir='ltr'>τι</span> <span class='ocrx_word' id='word_1_33' title='bbox 704 615 921 685; x_wconf 80' lang='grc' dir='ltr'>πλούτῳ·</span> <span class='ocrx_word' id='word_1_34' title='bbox 967 621 1112 668; x_wconf 84' lang='grc' dir='ltr'>τοῦτο</span> <span class='ocrx_word' id='word_1_35' title='bbox 1145 618 1186 669; x_wconf 88' lang='grc' dir='ltr'>δ’</span> <span class='ocrx_word' id='word_1_36' title='bbox 1220 620 1391 687; x_wconf 83' lang='grc' dir='ltr'>ἰσχύει·</span> <span class='ocrx_word' id='word_1_37' title='bbox 1415 619 1582 689; x_wconf 89' lang='grc' dir='ltr'>μέγα.]</span> 
     </span>
    </p>

    <p class='ocr_par' dir='ltr' id='par_1_6' title="bbox 390 695 1524 771">
     <span class='ocr_line' id='line_1_7' title="bbox 390 695 1524 771; baseline 0.009 -24"><span class='ocrx_word' id='word_1_38' title='bbox 390 695 640 756; x_wconf 85' lang='grc' dir='ltr'>Μενέλαε,</span> <span class='ocrx_word' id='word_1_39' title='bbox 675 696 799 765; x_wconf 88' lang='grc' dir='ltr'>φέρε</span> <span class='ocrx_word' id='word_1_40' title='bbox 828 698 886 763; x_wconf 83' lang='grc' dir='ltr'>δὴ</span> <span class='ocrx_word' id='word_1_41' title='bbox 918 700 1294 767; x_wconf 85' lang='grc' dir='ltr'>διαπεράνωμεν</span> <span class='ocrx_word' id='word_1_42' title='bbox 1322 705 1524 771; x_wconf 81' lang='grc' dir='ltr'>λόγους·</span> 
     </span>
    </p>

    <p class='ocr_par' dir='ltr' id='par_1_7' title="bbox 389 779 1504 854">
     <span class='ocr_line' id='line_1_8' title="bbox 389 779 1504 854; baseline 0.009 -23"><span class='ocrx_word' id='word_1_43' title='bbox 389 779 603 845; x_wconf 84' lang='grc' dir='ltr'>τέθνηκα</span> <span class='ocrx_word' id='word_1_44' title='bbox 630 788 693 854; x_wconf 80' lang='grc' dir='ltr'>τῇ</span> <span class='ocrx_word' id='word_1_45' title='bbox 724 783 790 853; x_wconf 84' lang='grc' dir='ltr'>σῇ</span> <span class='ocrx_word' id='word_1_46' title='bbox 822 784 1026 850; x_wconf 86' lang='grc' dir='ltr'>θυγατρὶ</span> <span class='ocrx_word' id='word_1_47' title='bbox 1059 787 1145 837; x_wconf 86' lang='grc' dir='ltr'>καί</span> <span class='ocrx_word' id='word_1_48' title='bbox 1169 785 1220 851; x_wconf 91' lang='grc' dir='ltr'>μ’</span> <span class='ocrx_word' id='word_1_49' title='bbox 1251 787 1504 841; x_wconf 85' lang='grc' dir='ltr'>ἀπώλεσε·</span> 
     </span>
    </p>

    <p class='ocr_par' dir='ltr' id='par_1_8' title="bbox 389 865 1933 1028">
     <span class='ocr_line' id='line_1_9' title="bbox 389 865 1933 936; baseline 0.008 -21"><span class='ocrx_word' id='word_1_50' title='bbox 389 865 660 931; x_wconf 90' lang='grc' dir='ltr'>μιαιφόνον</span> <span class='ocrx_word' id='word_1_51' title='bbox 689 868 781 930; x_wconf 79' lang='grc' dir='ltr'>μὲν</span> <span class='ocrx_word' id='word_1_52' title='bbox 812 866 970 918; x_wconf 84' lang='grc' dir='ltr'>οὐκέτ’</span> <span class='ocrx_word' id='word_1_53' title='bbox 1001 867 1063 920; x_wconf 84' lang='grc' dir='ltr'>ἂν</span> <span class='ocrx_word' id='word_1_54' title='bbox 1095 869 1249 936; x_wconf 83' lang='grc' dir='ltr'>φύγοι</span> <span class='ocrx_word' id='word_1_55' title='bbox 1277 870 1453 935; x_wconf 90' lang='grc' dir='ltr'>μύσος.</span> <span class='ocrx_word' id='word_1_56' title='bbox 1854 894 1933 935; x_wconf 84' lang='grc'>335</span> 
     </span>
     <span class='ocr_line' id='line_1_10' title="bbox 392 949 1494 1028; baseline 0.008 -29"><span class='ocrx_word' id='word_1_57' title='bbox 392 949 446 1000; x_wconf 82' lang='grc' dir='ltr'>ἐν</span> <span class='ocrx_word' id='word_1_58' title='bbox 474 953 578 1002; x_wconf 91' lang='grc' dir='ltr'>τοῖς</span> <span class='ocrx_word' id='word_1_59' title='bbox 608 951 662 1001; x_wconf 80' lang='grc' dir='ltr'>δὲ</span> <span class='ocrx_word' id='word_1_60' title='bbox 693 955 905 1004; x_wconf 84' lang='grc' dir='ltr'>πολλοῖς</span> <span class='ocrx_word' id='word_1_61' title='bbox 937 953 1017 1004; x_wconf 89' lang='grc' dir='ltr'>καὶ</span> <span class='ocrx_word' id='word_1_62' title='bbox 1050 952 1114 1003; x_wconf 84' lang='grc' dir='ltr'>σὺ</span> <span class='ocrx_word' id='word_1_63' title='bbox 1145 954 1277 1005; x_wconf 85' lang='grc' dir='ltr'>τόνδ’</span> <span class='ocrx_word' id='word_1_64' title='bbox 1308 956 1494 1028; x_wconf 81' lang='grc' dir='ltr'>ἀγωνιῇ</span> 
     </span>
    </p>

    <p class='ocr_par' dir='ltr' id='par_1_9' title="bbox 393 1031 1639 1107">
     <span class='ocr_line' id='line_1_11' title="bbox 393 1031 1639 1107; baseline 0.01 -25"><span class='ocrx_word' id='word_1_65' title='bbox 393 1032 568 1099; x_wconf 92' lang='grc' dir='ltr'>φόνον·</span> <span class='ocrx_word' id='word_1_66' title='bbox 615 1031 671 1084; x_wconf 85' lang='grc' dir='ltr'>τὸ</span> <span class='ocrx_word' id='word_1_67' title='bbox 703 1037 927 1101; x_wconf 82' lang='grc' dir='ltr'>συνδρῶν</span> <span class='ocrx_word' id='word_1_68' title='bbox 956 1035 1052 1103; x_wconf 88' lang='grc' dir='ltr'>γάρ</span> <span class='ocrx_word' id='word_1_69' title='bbox 1087 1035 1137 1086; x_wconf 89' lang='grc' dir='ltr'>σ’</span> <span class='ocrx_word' id='word_1_70' title='bbox 1169 1038 1446 1105; x_wconf 85' lang='grc' dir='ltr'>ἀναγκάσει</span> <span class='ocrx_word' id='word_1_71' title='bbox 1474 1039 1639 1107; x_wconf 83' lang='grc' dir='ltr'>χρέος.</span> 
     </span>
    </p>

    <p class='ocr_par' dir='ltr' id='par_1_10' title="bbox 390 1111 1528 1189">
     <span class='ocr_line' id='line_1_12' title="bbox 390 1111 1528 1189; baseline 0.006 -21"><span class='ocrx_word' id='word_1_72' title='bbox 390 1111 452 1180; x_wconf 85' lang='grc' dir='ltr'>ἢν</span> <span class='ocrx_word' id='word_1_73' title='bbox 482 1115 524 1166; x_wconf 83' lang='grc' dir='ltr'>δ’</span> <span class='ocrx_word' id='word_1_74' title='bbox 557 1116 643 1167; x_wconf 79' lang='grc' dir='ltr'>οὖν</span> <span class='ocrx_word' id='word_1_75' title='bbox 672 1118 771 1183; x_wconf 82' lang='grc' dir='ltr'>ἐγὼ</span> <span class='ocrx_word' id='word_1_76' title='bbox 800 1120 892 1183; x_wconf 78' lang='grc' dir='ltr'>μὲν</span> <span class='ocrx_word' id='word_1_77' title='bbox 920 1119 987 1183; x_wconf 81' lang='grc' dir='ltr'>μὴ</span> <span class='ocrx_word' id='word_1_78' title='bbox 1021 1123 1189 1172; x_wconf 87' lang='grc' dir='ltr'>θανεῖν</span> <span class='ocrx_word' id='word_1_79' title='bbox 1218 1121 1528 1189; x_wconf 86' lang='grc' dir='ltr'>ὑπεκδράμω,</span> 
     </span>
    </p>

    <p class='ocr_par' dir='ltr' id='par_1_11' title="bbox 391 1199 1549 1275">
     <span class='ocr_line' id='line_1_13' title="bbox 391 1199 1549 1275; baseline 0.007 -25"><span class='ocrx_word' id='word_1_80' title='bbox 391 1199 477 1251; x_wconf 87' lang='grc' dir='ltr'>τὸν</span> <span class='ocrx_word' id='word_1_81' title='bbox 508 1199 661 1251; x_wconf 88' lang='grc' dir='ltr'>παῖδά</span> <span class='ocrx_word' id='word_1_82' title='bbox 687 1222 782 1266; x_wconf 91' lang='grc' dir='ltr'>μου</span> <span class='ocrx_word' id='word_1_83' title='bbox 814 1208 1054 1264; x_wconf 85' lang='grc' dir='ltr'>κτενεῖτε;</span> <span class='ocrx_word' id='word_1_84' title='bbox 1105 1203 1223 1272; x_wconf 79' lang='grc' dir='ltr'>κᾷτα</span> <span class='ocrx_word' id='word_1_85' title='bbox 1254 1210 1357 1260; x_wconf 81' lang='grc' dir='ltr'>πῶς</span> <span class='ocrx_word' id='word_1_86' title='bbox 1389 1207 1549 1275; x_wconf 77' lang='grc' dir='ltr'>πατὴρ</span> 
     </span>
    </p>

    <p class='ocr_par' dir='ltr' id='par_1_12' title="bbox 392 1283 1937 1439">
     <span class='ocr_line' id='line_1_14' title="bbox 392 1283 1937 1355; baseline 0.003 -20"><span class='ocrx_word' id='word_1_87' title='bbox 392 1283 565 1335; x_wconf 88' lang='grc' dir='ltr'>τέκνου</span> <span class='ocrx_word' id='word_1_88' title='bbox 595 1285 832 1339; x_wconf 88' lang='grc' dir='ltr'>θανόντος</span> <span class='ocrx_word' id='word_1_89' title='bbox 861 1287 1041 1355; x_wconf 76' lang='grc' dir='ltr'>ῥᾳδίως</span> <span class='ocrx_word' id='word_1_90' title='bbox 1074 1287 1323 1352; x_wconf 74' lang='grc' dir='ltr'>ἀνέξεταις</span> <span class='ocrx_word' id='word_1_91' title='bbox 1858 1311 1937 1351; x_wconf 85' lang='lat'>340</span> 
     </span>
     <span class='ocr_line' id='line_1_15' title="bbox 392 1367 1487 1439; baseline 0.008 -21"><span class='ocrx_word' id='word_1_92' title='bbox 392 1367 485 1436; x_wconf 83' lang='grc' dir='ltr'>οὐχ</span> <span class='ocrx_word' id='word_1_93' title='bbox 514 1367 598 1419; x_wconf 83' lang='grc' dir='ltr'>ὧδ’</span> <span class='ocrx_word' id='word_1_94' title='bbox 628 1368 870 1437; x_wconf 86' lang='grc' dir='ltr'>ἄνανδρον</span> <span class='ocrx_word' id='word_1_95' title='bbox 902 1370 1051 1423; x_wconf 84' lang='grc' dir='ltr'>αὐτὸν</span> <span class='ocrx_word' id='word_1_96' title='bbox 1081 1372 1111 1436; x_wconf 89' lang='grc' dir='ltr'>ἡ</span> <span class='ocrx_word' id='word_1_97' title='bbox 1142 1375 1300 1439; x_wconf 90' lang='grc' dir='ltr'>Τροία</span> <span class='ocrx_word' id='word_1_98' title='bbox 1331 1381 1487 1427; x_wconf 86' lang='grc' dir='ltr'>καλεῖ·</span> 
     </span>
    </p>

    <p class='ocr_par' dir='ltr' id='par_1_13' title="bbox 393 1451 1440 1524">
     <span class='ocr_line' id='line_1_16' title="bbox 393 1451 1440 1524; baseline 0.007 -21"><span class='ocrx_word' id='word_1_99' title='bbox 393 1451 508 1503; x_wconf 86' lang='grc' dir='ltr'>ἀλλ’</span> <span class='ocrx_word' id='word_1_100' title='bbox 539 1452 671 1504; x_wconf 82' lang='grc' dir='ltr'>εἶσιν</span> <span class='ocrx_word' id='word_1_101' title='bbox 702 1455 753 1504; x_wconf 77' lang='grc' dir='ltr'>οἵ</span> <span class='ocrx_word' id='word_1_102' title='bbox 778 1452 1170 1522; x_wconf 84' lang='grc' dir='ltr'>χρή-Πηλέως</span> <span class='ocrx_word' id='word_1_103' title='bbox 1200 1459 1296 1524; x_wconf 79' lang='grc' dir='ltr'>γὰρ</span> <span class='ocrx_word' id='word_1_104' title='bbox 1327 1457 1440 1523; x_wconf 80' lang='grc' dir='ltr'>ἄξια</span> 
     </span>
    </p>

    <p class='ocr_par' dir='ltr' id='par_1_14' title="bbox 392 1536 1665 1609">
     <span class='ocr_line' id='line_1_17' title="bbox 392 1536 1665 1609; baseline 0.005 -20"><span class='ocrx_word' id='word_1_105' title='bbox 392 1537 578 1602; x_wconf 90' lang='grc' dir='ltr'>πατρός</span> <span class='ocrx_word' id='word_1_106' title='bbox 609 1536 650 1588; x_wconf 85' lang='grc' dir='ltr'>τ’</span> <span class='ocrx_word' id='word_1_107' title='bbox 680 1536 963 1606; x_wconf 85' lang='grc' dir='ltr'>Ἀχιλλέως</span> <span class='ocrx_word' id='word_1_108' title='bbox 994 1539 1116 1605; x_wconf 82' lang='grc' dir='ltr'>ἔργα</span> <span class='ocrx_word' id='word_1_109' title='bbox 1148 1544 1276 1606; x_wconf 82' lang='grc' dir='ltr'>δρῶν</span> <span class='ocrx_word' id='word_1_110' title='bbox 1309 1542 1665 1609; x_wconf 67' lang='grc' dir='ltr'>φανήσεται-</span> 
     </span>
    </p>

    <p class='ocr_par' dir='ltr' id='par_1_15' title="bbox 394 1621 1627 1689">
     <span class='ocr_line' id='line_1_18' title="bbox 394 1621 1627 1689; baseline 0.008 -18"><span class='ocrx_word' id='word_1_111' title='bbox 394 1621 516 1672; x_wconf 83' lang='grc' dir='ltr'>ὤσει</span> <span class='ocrx_word' id='word_1_112' title='bbox 546 1623 600 1672; x_wconf 81' lang='grc' dir='ltr'>δὲ</span> <span class='ocrx_word' id='word_1_113' title='bbox 632 1621 727 1685; x_wconf 77' lang='grc' dir='ltr'>σὴν</span> <span class='ocrx_word' id='word_1_114' title='bbox 759 1622 890 1674; x_wconf 85' lang='grc' dir='ltr'>παῖδ’</span> <span class='ocrx_word' id='word_1_115' title='bbox 924 1626 977 1674; x_wconf 82' lang='grc' dir='ltr'>ἐκ</span> <span class='ocrx_word' id='word_1_116' title='bbox 1008 1624 1189 1689; x_wconf 88' lang='grc' dir='ltr'>δόμων·</span> <span class='ocrx_word' id='word_1_117' title='bbox 1240 1626 1303 1677; x_wconf 88' lang='grc' dir='ltr'>σὺ</span> <span class='ocrx_word' id='word_1_118' title='bbox 1334 1626 1375 1677; x_wconf 86' lang='grc' dir='ltr'>δ’</span> <span class='ocrx_word' id='word_1_119' title='bbox 1407 1628 1627 1682; x_wconf 84' lang='grc' dir='ltr'>ἐκδιδοὺς</span> 
     </span>
    </p>

    <p class='ocr_par' dir='ltr' id='par_1_16' title="bbox 393 1704 1936 1859">
     <span class='ocr_line' id='line_1_19' title="bbox 393 1704 1936 1774; baseline 0.007 -19"><span class='ocrx_word' id='word_1_120' title='bbox 393 1704 533 1774; x_wconf 82' lang='grc' dir='ltr'>ἄλλῳ</span> <span class='ocrx_word' id='word_1_121' title='bbox 564 1706 617 1756; x_wconf 88' lang='grc' dir='ltr'>τί</span> <span class='ocrx_word' id='word_1_122' title='bbox 642 1704 830 1770; x_wconf 79' lang='grc' dir='ltr'>λέξεις;</span> <span class='ocrx_word' id='word_1_123' title='bbox 877 1708 1088 1774; x_wconf 90' lang='grc' dir='ltr'>πότερον</span> <span class='ocrx_word' id='word_1_124' title='bbox 1121 1708 1186 1762; x_wconf 80' lang='grc' dir='ltr'>ὣς</span> <span class='ocrx_word' id='word_1_125' title='bbox 1218 1710 1367 1763; x_wconf 85' lang='grc' dir='ltr'>κακὸν</span> <span class='ocrx_word' id='word_1_126' title='bbox 1398 1713 1551 1764; x_wconf 92' lang='grc' dir='ltr'>πόσιν</span> <span class='ocrx_word' id='word_1_127' title='bbox 1855 1731 1936 1773; x_wconf 82' lang='grc'>345</span> 
     </span>
     <span class='ocr_line' id='line_1_20' title="bbox 395 1789 1599 1859; baseline 0.007 -20"><span class='ocrx_word' id='word_1_128' title='bbox 395 1789 572 1855; x_wconf 87' lang='grc' dir='ltr'>φεύγει</span> <span class='ocrx_word' id='word_1_129' title='bbox 603 1789 659 1841; x_wconf 85' lang='grc' dir='ltr'>τὸ</span> <span class='ocrx_word' id='word_1_130' title='bbox 688 1791 868 1855; x_wconf 86' lang='grc' dir='ltr'>ταύτης</span> <span class='ocrx_word' id='word_1_131' title='bbox 896 1797 1133 1859; x_wconf 75' lang='grc' dir='ltr'>σῶφρονς</span> <span class='ocrx_word' id='word_1_132' title='bbox 1182 1795 1316 1845; x_wconf 78' lang='grc' dir='ltr'>ἀλλὰ</span> <span class='ocrx_word' id='word_1_133' title='bbox 1348 1797 1599 1848; x_wconf 88' lang='grc' dir='ltr'>πεύσεται.</span> 
     </span>
    </p>

    <p class='ocr_par' dir='ltr' id='par_1_17' title="bbox 394 1875 1623 1946">
     <span class='ocr_line' id='line_1_21' title="bbox 394 1875 1623 1946; baseline 0.009 -23"><span class='ocrx_word' id='word_1_134' title='bbox 394 1878 547 1939; x_wconf 88' lang='grc' dir='ltr'>γαμεῖ</span> <span class='ocrx_word' id='word_1_135' title='bbox 574 1876 626 1925; x_wconf 79' lang='grc' dir='ltr'>δὲ</span> <span class='ocrx_word' id='word_1_136' title='bbox 656 1876 730 1928; x_wconf 87' lang='grc' dir='ltr'>τίς</span> <span class='ocrx_word' id='word_1_137' title='bbox 760 1896 862 1935; x_wconf 84' lang='grc' dir='ltr'>νιν,·</span> <span class='ocrx_word' id='word_1_138' title='bbox 909 1875 942 1940; x_wconf 86' lang='grc' dir='ltr'>ἤ</span> <span class='ocrx_word' id='word_1_139' title='bbox 973 1876 1065 1943; x_wconf 91' lang='grc' dir='ltr'>σφ’</span> <span class='ocrx_word' id='word_1_140' title='bbox 1096 1876 1339 1944; x_wconf 86' lang='grc' dir='ltr'>ἄνανδρον</span> <span class='ocrx_word' id='word_1_141' title='bbox 1372 1881 1425 1932; x_wconf 82' lang='grc' dir='ltr'>ἐν</span> <span class='ocrx_word' id='word_1_142' title='bbox 1456 1882 1623 1946; x_wconf 90' lang='grc' dir='ltr'>δόμοις</span> 
     </span>
    </p>

    <p class='ocr_par' dir='ltr' id='par_1_18' title="bbox 394 1955 1536 2031">
     <span class='ocr_line' id='line_1_22' title="bbox 394 1955 1536 2031; baseline 0.007 -24"><span class='ocrx_word' id='word_1_143' title='bbox 394 1955 554 2024; x_wconf 89' lang='grc' dir='ltr'>χήραν</span> <span class='ocrx_word' id='word_1_144' title='bbox 586 1957 808 2022; x_wconf 82' lang='grc' dir='ltr'>καθέξεις</span> <span class='ocrx_word' id='word_1_145' title='bbox 839 1961 1043 2021; x_wconf 87' lang='grc' dir='ltr'>πολιόν,·</span> <span class='ocrx_word' id='word_1_146' title='bbox 1091 1959 1129 2012; x_wconf 74' lang='grc' dir='ltr'><em>ὦ</em></span> <span class='ocrx_word' id='word_1_147' title='bbox 1160 1961 1367 2027; x_wconf 88' lang='grc' dir='ltr'>τλήμων</span> <span class='ocrx_word' id='word_1_148' title='bbox 1398 1963 1536 2031; x_wconf 89' lang='grc' dir='ltr'>ἀνήρ,</span> 
     </span>
    </p>

    <p class='ocr_par' dir='ltr' id='par_1_19' title="bbox 397 2043 1399 2114">
     <span class='ocr_line' id='line_1_23' title="bbox 397 2043 1399 2114; baseline 0.01 -23"><span class='ocrx_word' id='word_1_149' title='bbox 397 2046 556 2092; x_wconf 83' lang='grc' dir='ltr'>κακῶν</span> <span class='ocrx_word' id='word_1_150' title='bbox 586 2043 841 2094; x_wconf 88' lang='grc' dir='ltr'>τοσούτων</span> <span class='ocrx_word' id='word_1_151' title='bbox 873 2043 965 2112; x_wconf 80' lang='grc' dir='ltr'>οὐχ</span> <span class='ocrx_word' id='word_1_152' title='bbox 997 2046 1113 2114; x_wconf 74' lang='grc' dir='ltr'>ὁρᾷς</span> <span class='ocrx_word' id='word_1_153' title='bbox 1144 2046 1399 2113; x_wconf 81' lang='grc' dir='ltr'>ε’πιρροάς;</span> 
     </span>
    </p>

    <p class='ocr_par' dir='ltr' id='par_1_20' title="bbox 396 2125 1942 2282">
     <span class='ocr_line' id='line_1_24' title="bbox 396 2125 1942 2196; baseline 0.007 -20"><span class='ocrx_word' id='word_1_154' title='bbox 396 2126 555 2179; x_wconf 89' lang='grc' dir='ltr'>πόσας</span> <span class='ocrx_word' id='word_1_155' title='bbox 587 2125 647 2177; x_wconf 83' lang='grc' dir='ltr'>ἂν</span> <span class='ocrx_word' id='word_1_156' title='bbox 678 2127 821 2180; x_wconf 80' lang='grc' dir='ltr'>εὐνᾶς</span> <span class='ocrx_word' id='word_1_157' title='bbox 854 2128 1080 2195; x_wconf 84' lang='grc' dir='ltr'>θυγατέρ’</span> <span class='ocrx_word' id='word_1_158' title='bbox 1110 2129 1409 2196; x_wconf 89' lang='grc' dir='ltr'>ἠδικημένην</span> <span class='ocrx_word' id='word_1_159' title='bbox 1862 2151 1942 2192; x_wconf 82' lang='grc'>350</span> 
     </span>
     <span class='ocr_line' id='line_1_25' title="bbox 396 2207 1471 2282; baseline 0.007 -23"><span class='ocrx_word' id='word_1_160' title='bbox 396 2209 593 2273; x_wconf 81' lang='grc' dir='ltr'>βούλοι’</span> <span class='ocrx_word' id='word_1_161' title='bbox 626 2209 687 2261; x_wconf 83' lang='grc' dir='ltr'>ἂν</span> <span class='ocrx_word' id='word_1_162' title='bbox 718 2212 877 2277; x_wconf 85' lang='grc' dir='ltr'>εὑρεῖν</span> <span class='ocrx_word' id='word_1_163' title='bbox 908 2207 938 2276; x_wconf 85' lang='grc' dir='ltr'>ἢ</span> <span class='ocrx_word' id='word_1_164' title='bbox 970 2216 1146 2265; x_wconf 88' lang='grc' dir='ltr'>παθεῖν</span> <span class='ocrx_word' id='word_1_165' title='bbox 1178 2215 1284 2281; x_wconf 84' lang='grc' dir='ltr'>ἁγὼ</span> <span class='ocrx_word' id='word_1_166' title='bbox 1314 2214 1471 2282; x_wconf 85' lang='grc' dir='ltr'>λέγω,·</span> 
     </span>
    </p>

    <p class='ocr_par' dir='ltr' id='par_1_21' title="bbox 397 2292 1578 2364">
     <span class='ocr_line' id='line_1_26' title="bbox 397 2292 1578 2364; baseline 0.008 -21"><span class='ocrx_word' id='word_1_167' title='bbox 397 2292 454 2343; x_wconf 84' lang='grc' dir='ltr'>οὗ</span> <span class='ocrx_word' id='word_1_168' title='bbox 482 2293 578 2360; x_wconf 78' lang='grc' dir='ltr'>χρὴ</span> <span class='ocrx_word' id='word_1_169' title='bbox 609 2293 680 2345; x_wconf 85' lang='grc' dir='ltr'>’πὶ</span> <span class='ocrx_word' id='word_1_170' title='bbox 709 2299 901 2361; x_wconf 87' lang='grc' dir='ltr'>μικροῖς</span> <span class='ocrx_word' id='word_1_171' title='bbox 930 2296 1130 2363; x_wconf 86' lang='grc' dir='ltr'>μεγάλα</span> <span class='ocrx_word' id='word_1_172' title='bbox 1161 2299 1430 2364; x_wconf 89' lang='grc' dir='ltr'>πορσύνειν</span> <span class='ocrx_word' id='word_1_173' title='bbox 1455 2302 1578 2352; x_wconf 83' lang='grc' dir='ltr'>κακὰ</span> 
     </span>
    </p>

    <p class='ocr_par' dir='ltr' id='par_1_22' title="bbox 397 2376 1444 2448">
     <span class='ocr_line' id='line_1_27' title="bbox 397 2376 1444 2448; baseline 0.007 -20"><span class='ocrx_word' id='word_1_174' title='bbox 397 2376 515 2436; x_wconf 85' lang='grc' dir='ltr'>οὐδ’,</span> <span class='ocrx_word' id='word_1_175' title='bbox 550 2379 592 2429; x_wconf 85' lang='grc' dir='ltr'>εἶ</span> <span class='ocrx_word' id='word_1_176' title='bbox 622 2378 849 2444; x_wconf 87' lang='grc' dir='ltr'>γυναῖκές</span> <span class='ocrx_word' id='word_1_177' title='bbox 881 2381 1033 2445; x_wconf 85' lang='grc' dir='ltr'>ἐσμεν</span> <span class='ocrx_word' id='word_1_178' title='bbox 1065 2381 1247 2448; x_wconf 85' lang='grc' dir='ltr'>ἀτηρὸν</span> <span class='ocrx_word' id='word_1_179' title='bbox 1279 2384 1444 2442; x_wconf 89' lang='grc' dir='ltr'>κακόν,</span> 
     </span>
    </p>

    <p class='ocr_par' dir='ltr' id='par_1_23' title="bbox 398 2459 1420 2535">
     <span class='ocr_line' id='line_1_28' title="bbox 398 2459 1420 2535; baseline 0.007 -23"><span class='ocrx_word' id='word_1_180' title='bbox 398 2459 579 2527; x_wconf 85' lang='grc' dir='ltr'>ἄνδρας</span> <span class='ocrx_word' id='word_1_181' title='bbox 608 2460 834 2528; x_wconf 78' lang='grc' dir='ltr'>γυναιξὶν</span> <span class='ocrx_word' id='word_1_182' title='bbox 865 2462 1215 2529; x_wconf 81' lang='grc' dir='ltr'>ἐξομοιοῦσθαι</span> <span class='ocrx_word' id='word_1_183' title='bbox 1246 2468 1420 2535; x_wconf 91' lang='grc' dir='ltr'>φύσιν.</span> 
     </span>
    </p>

    <p class='ocr_par' dir='ltr' id='par_1_24' title="bbox 397 2545 1939 2703">
     <span class='ocr_line' id='line_1_29' title="bbox 397 2545 1939 2617; baseline 0.008 -22"><span class='ocrx_word' id='word_1_184' title='bbox 397 2545 538 2610; x_wconf 87' lang='grc' dir='ltr'>ἡμεῖς</span> <span class='ocrx_word' id='word_1_185' title='bbox 567 2548 662 2612; x_wconf 80' lang='grc' dir='ltr'>γὰρ</span> <span class='ocrx_word' id='word_1_186' title='bbox 693 2548 736 2597; x_wconf 83' lang='grc' dir='ltr'>εἰ</span> <span class='ocrx_word' id='word_1_187' title='bbox 768 2546 865 2611; x_wconf 80' lang='grc' dir='ltr'>σὴν</span> <span class='ocrx_word' id='word_1_188' title='bbox 895 2552 1047 2600; x_wconf 92' lang='grc' dir='ltr'>παῖδα</span> <span class='ocrx_word' id='word_1_189' title='bbox 1078 2550 1462 2617; x_wconf 91' lang='grc' dir='ltr'>φαρμακεύομεν</span> <span class='ocrx_word' id='word_1_190' title='bbox 1861 2570 1939 2611; x_wconf 85' lang='grc'>355</span> 
     </span>
     <span class='ocr_line' id='line_1_30' title="bbox 401 2628 1491 2703; baseline 0.007 -24"><span class='ocrx_word' id='word_1_191' title='bbox 401 2630 478 2681; x_wconf 87' lang='grc' dir='ltr'>καὶ</span> <span class='ocrx_word' id='word_1_192' title='bbox 508 2629 658 2694; x_wconf 85' lang='grc' dir='ltr'>νηδὺν</span> <span class='ocrx_word' id='word_1_193' title='bbox 688 2628 1057 2697; x_wconf 81' lang='grc' dir='ltr'>ἐξαμβλοῦμεν,</span> <span class='ocrx_word' id='word_1_194' title='bbox 1090 2634 1155 2688; x_wconf 82' lang='grc' dir='ltr'>ὣς</span> <span class='ocrx_word' id='word_1_195' title='bbox 1184 2634 1306 2699; x_wconf 77' lang='grc' dir='ltr'>αὐτὴ</span> <span class='ocrx_word' id='word_1_196' title='bbox 1336 2635 1491 2703; x_wconf 89' lang='grc' dir='ltr'>λέγει,</span> 
     </span>
    </p>
   </div>
   <div class='ocr_carea' id='block_1_3' title="bbox 273 2746 1943 3043">
    <p class='ocr_par' dir='ltr' id='par_1_25' title="bbox 273 2746 1943 3043">
     <span class='ocr_line' id='line_1_31' title="bbox 328 2746 1937 2801; baseline 0.005 -15"><span class='ocrx_word' id='word_1_197' title='bbox 328 2758 518 2796; x_wconf 84' lang='lat'><strong>330—332</strong></span> <span class='ocrx_word' id='word_1_198' title='bbox 559 2747 731 2798; x_wconf 82' lang='grc' dir='ltr'>Δίδυμος</span> <span class='ocrx_word' id='word_1_199' title='bbox 760 2746 965 2801; x_wconf 78' lang='grc' dir='ltr'>μέμφεται</span> <span class='ocrx_word' id='word_1_200' title='bbox 994 2748 1154 2791; x_wconf 78' lang='grc' dir='ltr'>τούτοις</span> <span class='ocrx_word' id='word_1_201' title='bbox 1183 2755 1243 2793; x_wconf 74' lang='grc' dir='ltr'>Σε</span> <span class='ocrx_word' id='word_1_202' title='bbox 1282 2756 1327 2790; x_wconf 87' lang='lat' dir='ltr'>ut</span> <span class='ocrx_word' id='word_1_203' title='bbox 1358 2751 1648 2791; x_wconf 89' lang='lat' dir='ltr'>Menandreos</span> <span class='ocrx_word' id='word_1_204' title='bbox 1682 2753 1784 2792; x_wconf 88' lang='lat' dir='ltr'><strong>citat</strong></span> <span class='ocrx_word' id='word_1_205' title='bbox 1818 2753 1937 2794; x_wconf 87' lang='lat' dir='ltr'><strong>Stob.</strong></span> 
     </span>
     <span class='ocr_line' id='line_1_32' title="bbox 277 2803 1942 2858; baseline 0.007 -20"><span class='ocrx_word' id='word_1_206' title='bbox 277 2813 366 2849; x_wconf 90' lang='lat'>104.</span> <span class='ocrx_word' id='word_1_207' title='bbox 391 2814 439 2850; x_wconf 88' lang='lat'>14</span> <span class='ocrx_word' id='word_1_208' title='bbox 457 2803 645 2853; x_wconf 79' lang='grc' dir='ltr'>εὐτυχεῖν</span> <span class='ocrx_word' id='word_1_209' title='bbox 659 2803 810 2852; x_wconf 86' lang='lat' dir='ltr'><strong>legens</strong></span> <span class='ocrx_word' id='word_1_210' title='bbox 829 2815 907 2852; x_wconf 91' lang='lat' dir='ltr'>pro</span> <span class='ocrx_word' id='word_1_211' title='bbox 929 2804 973 2844; x_wconf 76' lang='grc' dir='ltr'>εὖ</span> <span class='ocrx_word' id='word_1_212' title='bbox 992 2808 1156 2858; x_wconf 82' lang='grc' dir='ltr'>φρονεῖν</span> <span class='ocrx_word' id='word_1_213' title='bbox 1266 2818 1346 2856; x_wconf 90' lang='grc'>333</span> <span class='ocrx_word' id='word_1_214' title='bbox 1374 2812 1599 2856; x_wconf 88' lang='lat' dir='ltr'><strong>suspectus</strong></span> <span class='ocrx_word' id='word_1_215' title='bbox 1620 2821 1629 2845; x_wconf 94' lang='lat'><strong>:</strong></span> <span class='ocrx_word' id='word_1_216' title='bbox 1659 2820 1825 2848; x_wconf 83' lang='lat' dir='ltr'>versum</span> <span class='ocrx_word' id='word_1_217' title='bbox 1843 2809 1942 2849; x_wconf 85' lang='lat' dir='ltr'>eicit</span> 
     </span>
     <span class='ocr_line' id='line_1_33' title="bbox 273 2853 1942 2914; baseline 0.007 -22"><span class='ocrx_word' id='word_1_218' title='bbox 273 2853 580 2904; x_wconf 88' lang='lat' dir='ltr'>Wilamowitz,</span> <span class='ocrx_word' id='word_1_219' title='bbox 598 2857 678 2898; x_wconf 77' lang='grc' dir='ltr'>εἶεν</span> <span class='ocrx_word' id='word_1_220' title='bbox 698 2857 790 2896; x_wconf 87' lang='lat' dir='ltr'>eius</span> <span class='ocrx_word' id='word_1_221' title='bbox 809 2857 902 2897; x_wconf 88' lang='lat' dir='ltr'>loco</span> <span class='ocrx_word' id='word_1_222' title='bbox 923 2872 1094 2908; x_wconf 90' lang='lat' dir='ltr'>ponens</span> <span class='ocrx_word' id='word_1_223' title='bbox 1223 2871 1305 2910; x_wconf 87' lang='lat'>334</span> <span class='ocrx_word' id='word_1_224' title='bbox 1335 2861 1384 2910; x_wconf 76' lang='grc' dir='ltr'>δὴ</span> <span class='ocrx_word' id='word_1_225' title='bbox 1405 2864 1458 2914; x_wconf 80' lang='grc' dir='ltr'>σῇ</span> <span class='ocrx_word' id='word_1_226' title='bbox 1476 2861 1638 2901; x_wconf 87' lang='lat' dir='ltr'><strong>Reiske</strong></span> <span class='ocrx_word' id='word_1_227' title='bbox 1759 2875 1839 2913; x_wconf 84' lang='lat'>337</span> <span class='ocrx_word' id='word_1_228' title='bbox 1870 2863 1942 2903; x_wconf 88' lang='lat' dir='ltr'>Sic</span> 
     </span>
     <span class='ocr_line' id='line_1_34' title="bbox 275 2909 1942 2967; baseline 0.007 -20"><span class='ocrx_word' id='word_1_229' title='bbox 275 2909 398 2949; x_wconf 90' lang='lat' dir='ltr'>codd.</span> <span class='ocrx_word' id='word_1_230' title='bbox 415 2914 458 2948; x_wconf 71' lang='lat' dir='ltr'>et</span> <span class='ocrx_word' id='word_1_231' title='bbox 473 2916 504 2954; x_wconf 82' lang='grc' dir='ltr'>Σ</span> <span class='ocrx_word' id='word_1_232' title='bbox 646 2924 727 2961; x_wconf 86' lang='lat'>342</span> <span class='ocrx_word' id='word_1_233' title='bbox 757 2911 955 2952; x_wconf 86' lang='lat' dir='ltr'><strong>Fortasse</strong></span> <span class='ocrx_word' id='word_1_234' title='bbox 975 2914 1014 2954; x_wconf 80' lang='grc' dir='ltr'>τ’</span> <span class='ocrx_word' id='word_1_235' title='bbox 1032 2914 1091 2966; x_wconf 78' lang='grc' dir='ltr'>ἄρ’</span> <span class='ocrx_word' id='word_1_236' title='bbox 1109 2915 1198 2966; x_wconf 75' lang='grc' dir='ltr'>ἄξια</span> <span class='ocrx_word' id='word_1_237' title='bbox 1217 2915 1285 2953; x_wconf 90' lang='lat' dir='ltr'>vel</span> <span class='ocrx_word' id='word_1_238' title='bbox 1304 2914 1343 2955; x_wconf 84' lang='grc' dir='ltr'>τ’</span> <span class='ocrx_word' id='word_1_239' title='bbox 1361 2914 1503 2966; x_wconf 79' lang='grc' dir='ltr'>ἐπάξια</span> <span class='ocrx_word' id='word_1_240' title='bbox 1636 2917 1719 2967; x_wconf 85' lang='lat'>346</span> <span class='ocrx_word' id='word_1_241' title='bbox 1746 2916 1942 2959; x_wconf 78' lang='grc' dir='ltr'>πεύσεται</span> 
     </span>
     <span class='ocr_line' id='line_1_35' title="bbox 276 2963 1943 3043; baseline 0.005 -41"><span class='ocrx_word' id='word_1_242' title='bbox 276 2963 431 3004; x_wconf 88' lang='lat' dir='ltr'><strong>Kiehl:</strong></span> <span class='ocrx_word' id='word_1_243' title='bbox 470 2964 667 3018; x_wconf 81' lang='grc' dir='ltr'>ψεύσεται</span> <span class='ocrx_word' id='word_1_244' title='bbox 687 2966 806 3005; x_wconf 87' lang='lat' dir='ltr'>codd.</span> <span class='ocrx_word' id='word_1_245' title='bbox 832 2972 875 3006; x_wconf 87' lang='lat' dir='ltr'>et</span> <span class='ocrx_word' id='word_1_246' title='bbox 895 2972 950 3010; x_wconf 73' lang='grc' dir='ltr'>Στ</span> <span class='ocrx_word' id='word_1_247' title='bbox 992 2968 1087 3009; x_wconf 79' lang='grc' dir='ltr'>ἀλλ’</span> <span class='ocrx_word' id='word_1_248' title='bbox 1110 2968 1324 3021; x_wconf 81' lang='grc' dir='ltr'>ἐψεύσεται</span> <span class='ocrx_word' id='word_1_249' title='bbox 1347 2967 1512 3008; x_wconf 87' lang='lat' dir='ltr'>Porson</span> <span class='ocrx_word' id='word_1_250' title='bbox 1723 2972 1805 3021; x_wconf 86' lang='lat'>348</span> <span class='ocrx_word' id='word_1_251' title='bbox 1842 2972 1943 3043; x_wconf 56' lang='lat' dir='ltr'><em>&amp;vh&#39;p</em></span> 
     </span>
    </p>
   </div>
   <div class='ocr_carea' id='block_1_4' title="bbox 275 3017 1940 3117">
    <p class='ocr_par' dir='ltr' id='par_1_26' title="bbox 275 3017 1940 3117">
     <span class='ocr_line' id='line_1_36' title="bbox 277 3017 1940 3112; baseline 0.007 -56"><span class='ocrx_word' id='word_1_252' title='bbox 277 3017 482 3112; x_wconf 50' lang='lat' dir='ltr'>Dindtffls:</span> <span class='ocrx_word' id='word_1_253' title='bbox 504 3021 598 3074; x_wconf 78' lang='grc' dir='ltr'>ἄνερ</span> <span class='ocrx_word' id='word_1_254' title='bbox 613 3021 736 3062; x_wconf 90' lang='lat' dir='ltr'>codd.</span> <span class='ocrx_word' id='word_1_255' title='bbox 758 3022 936 3072; x_wconf 83' lang='grc' dir='ltr'>(τλῆμον</span> <span class='ocrx_word' id='word_1_256' title='bbox 953 3021 1106 3075; x_wconf 84' lang='lat' dir='ltr'>MAV)</span> <span class='ocrx_word' id='word_1_257' title='bbox 1229 3034 1311 3071; x_wconf 85' lang='lat'>350</span> <span class='ocrx_word' id='word_1_258' title='bbox 1336 3022 1467 3065; x_wconf 79' lang='grc' dir='ltr'>πόσας</span> <span class='ocrx_word' id='word_1_259' title='bbox 1497 3024 1531 3066; x_wconf 86' lang='grc' dir='ltr'>δ’</span> <span class='ocrx_word' id='word_1_260' title='bbox 1548 3024 1627 3064; x_wconf 89' lang='lat' dir='ltr'>LP</span> <span class='ocrx_word' id='word_1_261' title='bbox 1735 3037 1814 3075; x_wconf 87' lang='lat'>351</span> <span class='ocrx_word' id='word_1_262' title='bbox 1845 3031 1940 3074; x_wconf 82' lang='grc' dir='ltr'>βου-</span> 
     </span>
     <span class='ocr_line' id='line_1_37' title="bbox 275 3073 385 3117; baseline 0.018 -2"><span class='ocrx_word' id='word_1_263' title='bbox 275 3073 385 3117; x_wconf 80' lang='grc' dir='ltr'>λοιμ’</span> 
     </span>
    </p>
   </div>
   <div class='ocr_carea' id='block_1_5' title="bbox 2062 2894 2118 3366">
    <p class='ocr_par' dir='ltr' id='par_1_27' title="bbox 2062 2894 2118 3366">
     <span class='ocr_line' id='line_1_38' title="bbox 2062 2894 2118 3366; baseline 0 0"><span class='ocrx_word' id='word_1_264' title='bbox 2062 2894 2118 3366; x_wconf 95' lang='lat' dir='ltr'> </span> 
     </span>
    </p>
   </div>
  </div>
 </body>
</html>
