2118 3366
878 126 1317 175 ΕΥΡΙΠΙΔΟΥ

387 260 486 307 τῶν
517 260 637 307 σῶν.
684 256 852 323 σοφόν
881 276 958 310 τοι
991 257 1080 308 κᾶν
1111 262 1277 310 κακοῖς
1307 256 1339 309 ἃ
1366 261 1444 310 δεῖ
1470 260 1692 325 φρονεῖν.

264 341 352 390 Εκ.
385 340 505 390 αἰαῖ·
552 337 850 407 παρέστηχ’,
885 339 950 392 ὡς
981 339 1116 399 ἔοικ’,
1149 341 1286 408 ἀγὼν
1314 339 1488 408 μέγας,

386 420 581 488 πλήρης
612 428 907 490 στεναγμῶν
939 424 1052 476 οὐδὲ
1083 424 1305 491 δακρύων
1335 424 1492 478 κενός.
1853 443 1934 481 230

390 505 573 573 κᾶγωγ’
605 505 680 573 ἄρ’
710 506 797 558 οὐκ
828 506 1075 578 ἔθνῃσκον
1105 507 1161 558 οὗ
1190 506 1241 572 μ’
1272 509 1426 576 ἐχρῆν
1458 510 1640 565 θανεῖν,

388 589 488 641 οὐδ’
519 588 712 642 ὥλεσέν
740 612 803 655 με
833 590 975 650 Ζεύς,
1008 589 1183 658 τρέφει
1213 590 1274 649 δ’,
1307 591 1443 644 ὅπως
1472 591 1565 656 ὁρῶ

390 679 549 725 κακῶν
579 672 684 725 κάκ’
716 673 849 724 ἄλλα
876 673 1060 739 μείζον’
1088 674 1118 738 ἡ
1150 673 1344 725 τάλαιν’
1374 674 1493 740 ἐγώ.

389 759 432 809 εἰ
461 756 503 807 δ’
535 757 645 809 ἔστι
674 763 777 811 τοῖς
806 757 1036 808 δούλοισι
1063 757 1179 811 τοὺς
1210 756 1500 825 ἐλευθέρους

386 840 451 905 μὴ
483 842 648 907 λυπρὰ
676 843 799 905 μηδὲ
830 843 1028 908 καρδίας
1059 840 1294 908 δηκτήρια
1854 859 1931 899 235

389 924 726 991 ἐξιστορῆσαι,
761 926 845 976 σοὶ
876 927 968 989 μὲν
999 926 1227 992 εἰρῆσθαι
1255 925 1438 992 χρεών,

385 1009 512 1074 ἡμᾶς
544 1008 586 1060 δ’
618 1010 828 1060 ἀκοῦσαι
856 1009 970 1061 τοὺς
1002 1011 1288 1075 ἐρωτῶντας
1317 1008 1450 1061 τάδε.

261 1097 353 1144 Οδ.
388 1092 570 1157 ἔξεστ’,
608 1093 780 1159 ἐρώτα·
824 1097 911 1144 τοῦ
940 1094 1125 1160 χρόνου
1156 1095 1252 1160 γὰρ
1283 1093 1340 1144 οὐ
1372 1096 1560 1161 φθονῶ.

263 1181 350 1228 Εκ.
387 1177 518 1228 οἶσθ’
551 1176 676 1242 ἡνίκ’
708 1177 858 1242 ἦλθες
887 1177 1043 1229 Ἰλίου
1075 1176 1409 1236 κατάσκοπος,

392 1263 694 1330 δυσχλαινίᾳ
723 1260 765 1311 τ’
796 1260 1039 1328 ἄμορφος,
1075 1260 1309 1326 ὀμμάτων
1340 1261 1382 1311 τ’
1413 1260 1511 1312 ἄπο
1855 1279 1933 1319 240

389 1347 548 1413 φόνου
578 1345 863 1412 σταλαγμοὶ
895 1345 992 1409 σὴν
1026 1345 1329 1408 κατέσταζον
1359 1344 1507 1412 γένυν
1516 1367 1532 1405 ,·

262 1433 355 1481 Οδ.
389 1429 497 1481 οἶδ’·
546 1431 603 1481 οὐ
633 1432 727 1496 γὰρ
760 1429 910 1496 ἄκρας
942 1431 1142 1496 καρδίας
1172 1429 1372 1496 ἔψαυσέ
1399 1451 1510 1495 μου.

263 1518 351 1564 Εκ.
387 1514 514 1580 ἔγνω
547 1513 601 1566 δέ
632 1514 682 1564 σ’
711 1513 894 1578 Ἑλένη
929 1515 1008 1566 καὶ
1038 1514 1166 1585 μόνῃ
1200 1513 1387 1565 κατεῖπ’
1420 1513 1555 1579 ἐμοί;

262 1601 354 1649 Οδ.
386 1597 655 1664 μεμνήμεθ’
687 1600 738 1651 ἐς
771 1600 999 1650 κίνδυνον
1031 1599 1262 1650 ἐλθόντες
1292 1597 1467 1665 μέγαν.

263 1686 353 1732 Εκ.
386 1682 504 1748 ἥψω
537 1685 590 1734 δὲ
618 1681 845 1750 γονάτων
877 1688 978 1734 τῶν
1009 1684 1140 1748 ἐμῶν
1172 1681 1404 1735 ταπεινὸς
1436 1682 1527 1741 (2512,-
1685 1720 1687 1723 ψ
1854 1698 1930 1738 245

262 1769 355 1817 Οδ.
387 1766 505 1817 ὥστ’
539 1768 763 1818 ἐνθανεῖν
794 1789 853 1834 γε
885 1771 995 1820 σοῖς
1025 1766 1269 1819 πέπλοισι
1298 1765 1423 1834 χεῖρ’
1455 1763 1592 1831 ἐμήν.

265 1854 353 1901 Εκ.
387 1850 560 1901 ἔσωσα
592 1849 714 1914 δῆτά
747 1851 794 1900 σ’
828 1849 1089 1917 ἐξέπεμψά
1118 1873 1174 1903 τε
1203 1851 1410 1919 χθονός,·

262 1938 355 1985 Οδ.
388 1934 505 1985 ὥστ’
540 1937 742 2001 εἰσορᾶν
772 1957 832 2002 γε
864 1935 1056 2003 φέγγος
1086 1935 1231 2000 ἡλίου
1261 1936 1390 1987 τόδε.

267 2022 352 2068 Εκ.
388 2020 440 2069 τί
468 2019 570 2082 δῆτ’
603 2018 778 2084 ἔλεξας
810 2022 989 2072 δοῦλος
1020 2018 1087 2071 ὢν
1119 2019 1236 2084 ἐμὸς
1267 2021 1401 2079 τότε;

263 2105 356 2152 Οδ.
392 2108 597 2155 πολλῶν
625 2104 791 2170 λόγων
824 2103 1073 2170 εὑρήμαθ’,
1107 2105 1239 2155 ὥστε
1270 2103 1335 2168 μὴ
1368 2107 1551 2156 θανεῖν.
1851 2118 1933 2158 250

265 2190 354 2237 Εκ.
388 2188 563 2238 οὔκουν
596 2188 776 2259 κακύνῃ
807 2191 980 2240 τοῖσδε
1010 2194 1114 2241 τοῖς
1144 2188 1505 2254 βουλεύμασιν,

390 2270 443 2324 ὃς
476 2269 535 2335 ἐξ
559 2272 678 2336 ἐμοῦ
707 2274 797 2337 μὲν
830 2272 1009 2326 ἔπαθες
1041 2275 1121 2323 οἶα
1151 2273 1250 2344 φῂς
1282 2275 1473 2332 παθεῖν,

391 2359 507 2425 δρᾷς
538 2355 580 2406 δ’
613 2356 754 2407 οὐδὲν
786 2357 913 2421 ἡμᾶς
945 2357 1015 2415 εῧ,
1052 2362 1208 2409 κακῶς
1241 2356 1283 2408 δ’
1314 2357 1438 2408 ὅσον
1468 2355 1585 2427 δύνῃ
1597 2377 1614 2416 ;

390 2438 666 2507 ἀχάριστον
695 2442 831 2505 ὑμῶν
864 2439 1060 2506 σπέρμ’,
1095 2442 1210 2492 ὅσοι
1241 2441 1549 2507 δημηγόρους

393 2524 598 2588 ζηλοῦτε
628 2523 787 2589 τιμάς·
833 2527 956 2590 μηδὲ
987 2523 1360 2592 γιγνώσκοισθέ
1386 2545 1487 2589 μοι,
1853 2538 1930 2578 255

390 2608 436 2659 οἳ
468 2607 582 2661 τοὺς
614 2609 795 2674 φίλους
825 2607 1144 2673 βλάπτοντες
1175 2610 1232 2661 οὐ
1263 2608 1563 2675 φροντίζετε,

320 2724 399 2762 228
427 2722 511 2774 τοι]
534 2741 573 2764 τι
594 2724 634 2763 Α
649 2724 682 2763 L
705 2738 800 2764 cum
822 2725 998 2771 Orione,
1022 2725 1151 2765 Anth.
1178 2726 1204 2765 i.
1229 2740 1264 2775 4.
1435 2736 1512 2774 231
1544 2724 1657 2777 κάγὼ
1676 2724 1756 2776 γὰρ
1777 2722 1897 2762 codd.
1922 2737 1932 2762 :

265 2790 369 2816 corr.
398 2778 529 2817 Ludv.
558 2779 745 2818 Dindorf
850 2782 1042 2829 236-237
1064 2781 1255 2819 nondum
1277 2779 1479 2830 expediti.
1543 2777 1593 2819 σὲ
1612 2777 1688 2829 μὲν
1709 2781 1932 2832 ἐρωτᾶσθαι

264 2831 381 2871 Weil
508 2846 590 2882 240
618 2835 655 2874 ·r'
678 2836 755 2875 ἄπο
779 2834 812 2872 Ρ
834 2847 1043 2885 suprascr.
1068 2834 1124 2873 Μι
1145 2850 1153 2875 :
1186 2834 1220 2875 δ’
1242 2836 1318 2876 ἄπο
1342 2835 1403 2873 L:
1432 2835 1508 2875 ἄπο
1530 2833 1571 2871 Μ
1586 2833 1626 2872 Α
1752 2844 1832 2881 245
1863 2830 1927 2883 δὲ]

264 2903 312 2926 τε
330 2886 371 2924 Μ
518 2891 598 2938 248
625 2906 677 2941 γε
695 2903 775 2928 om.
792 2889 832 2928 A
985 2902 1176 2938 249—250
1196 2896 1297 2929 ante
1313 2889 1503 2938 247-248
1524 2893 1738 2937 transpos.
1765 2887 1931 2936 Byzan·
1948 2918 1953 2925 ,-

264 2941 358 2989 tini,
396 2943 604 2992 probante
636 2944 855 2983 Porsono:
895 2945 1068 2983 damnat
1097 2943 1322 2983 Wecklein
1515 2955 1596 2993 253
1635 2941 1733 2996 δύνᾳ
1764 2941 1930 2981 Porson

265 2999 346 3047 256
375 2998 611 3051 φροντίζετε
635 2999 668 3037 L
682 2999 744 3040 P:
770 3000 999 3052 γινώσκετε
1021 2998 1063 3036 Μ
1079 2999 1118 3038 Α
