2118 3366
938 146 1382 210 ΕΥΡΙΠΙΔΟΥ

443 273 537 326 σὺν
564 275 711 341 μητρὶ
739 273 921 340 μέλλοι
950 277 1105 339 τῆσδε
1137 278 1362 344 κοίρανος
1390 277 1574 346 χθονὸς

442 356 629 424 Κρέων.
705 359 731 409 ὁ
760 357 931 423 μέντοι
959 362 1112 424 μῦθος
1143 361 1187 412 εἰ
1219 360 1389 428 σαφὴς
1419 363 1504 414 ὅδε

442 439 530 492 οὐκ
560 440 685 493 οἶδα·
730 444 1012 508 βουλοίμην
1042 442 1085 493 δ’
1116 442 1176 495 ἂν
1208 443 1296 495 οὐκ
1326 444 1455 498 εἶναι
1483 445 1612 498 τόδε.

315 527 404 590 Τρ.
445 523 523 575 καὶ
552 524 687 577 ταῦτ’
717 523 900 577 Ἰάσων
930 529 1109 581 παῖδας
1143 524 1425 593 ἐξανέξεται

440 606 746 676 πάσχοντας,
781 610 825 662 εἷ
857 609 936 661 καὶ
965 611 1112 677 μητρὶ
1145 613 1390 678 διαφορὰν
1422 611 1553 680 ἔχει,·
1940 626 1990 674 75

317 694 415 743 Πα.
440 693 630 743 παλαιὰ
659 697 839 744 καινῶν
869 694 1098 745 λείπεται
1132 694 1463 760 κηδευμάτων,

442 776 556 827 κούκ
589 775 694 827 ἔστ’
728 777 914 830 ἐκεῖνος
944 780 1115 829 τοῖσδε
1145 778 1369 843 δώμασιν
1400 779 1567 845 φίλος.

315 862 402 925 Τρ.
441 858 764 925 ἀπωλόμεσθ’
795 859 886 925 ἄρ’,
921 862 963 912 εἰ
997 860 1147 913 κακὸν
1176 863 1518 928 προσοίσομεν

439 941 551 996 νέον
582 948 796 1013 παλαιῷ,
830 944 946 1011 πρὶν
976 944 1079 996 τόδ’
1111 943 1482 1010 ἐξηντληκέναι.

316 1030 413 1078 Πα.
440 1027 563 1094 ἀτὰρ
595 1027 660 1078 σύ
688 1026 868 1094 γ’-οὗ
899 1030 993 1095 γὰρ
1028 1028 1194 1096 καιρὸς
1227 1029 1406 1082 εἰδέναι
1436 1031 1551 1082 τόδε
1936 1040 1991 1080 80

439 1109 1007 1181 δέσποιναν-ἡσύχαζε
1040 1113 1119 1165 καὶ
1152 1114 1273 1181 σίγα
1301 1114 1475 1181 λόγον.

314 1198 401 1262 Τρ.
441 1192 478 1245 ὦ
507 1193 654 1255 τέκν’,
688 1195 881 1247 ἀκούεθ’
915 1197 1018 1250 οἶος
1050 1198 1119 1251 εἷς
1148 1198 1274 1262 ὑμᾶς
1304 1197 1489 1264 πατήρ,·

441 1280 609 1330 ὄλοιτο
639 1282 730 1344 μὲν
759 1278 842 1345 μή·
890 1281 1138 1345 δεσπότης
1169 1280 1265 1349 γάρ
1298 1282 1401 1333 ἐστ’
1435 1283 1566 1349 ἐμός·

441 1364 564 1429 ἀτὰρ
596 1364 741 1416 κακός
770 1363 818 1431 γ’
851 1362 918 1416 ὢν
950 1366 1000 1419 ἐς
1033 1366 1213 1431 φίλους
1245 1367 1524 1419 ἁλίσκεται.

318 1451 414 1498 Πα.
440 1448 515 1501 τίς
546 1446 587 1498 δ’
618 1447 729 1515 οὐχὶ
761 1451 975 1512 θνητῶν;
1024 1447 1132 1515 ἄρτι
1163 1451 1463 1517 γιγνώσκεις
1491 1451 1619 1510 τόδε,
1936 1457 1988 1508 85

446 1531 511 1584 ὡς
542 1535 638 1586 πᾶς
666 1552 740 1585 τις
771 1531 919 1583 αὑτὸν
948 1537 1035 1584 τοῦ
1065 1532 1221 1587 πέλας
1250 1538 1446 1599 μᾶλλον
1478 1539 1634 1603 φιλεῖ,

444 1615 489 1667 οἳ
518 1618 610 1681 μὲν
642 1616 855 1676 δικαίως,
889 1616 935 1669 οἳ
966 1619 1020 1669 δὲ
1053 1618 1133 1669 καὶ
1165 1618 1365 1685 κέρδους
1395 1618 1559 1687 χάριν,

443 1700 484 1750 εἰ
516 1698 696 1751 τούσδε
724 1698 770 1765 γ’
802 1698 944 1762 εὐνῆς
975 1698 1133 1750 οὕνεκ’
1166 1699 1222 1749 οὐ
1253 1699 1452 1767 στέργει
1481 1702 1661 1769 πατήρ.

316 1785 405 1849 Τρ.
446 1781 637 1834 ἴτ’-εὖ
668 1783 765 1849 γὰρ
795 1780 1252 1847 ἔσται-δωμάτων
1284 1783 1402 1843 ἔσω,
1435 1784 1600 1839 τέκνα.

443 1866 506 1918 σὺ
538 1865 580 1916 δ’
614 1866 677 1920 ὡς
707 1864 930 1932 μάλιστα
959 1865 1127 1918 τούσδ’
1160 1868 1422 1933 ἐρημώσας
1451 1868 1539 1938 ἔχε
1932 1888 1989 1929 90

444 1949 524 2001 καὶ
554 1949 621 2016 μὴ
653 1949 838 2014 πέλαζε
865 1950 1012 2017 μητρὶ
1042 1951 1434 2024 δυσθυμουμένῃ.

441 2033 533 2099 ἤδη
564 2036 661 2101 γὰρ
691 2034 823 2086 εἶδον
853 2036 986 2100 ὄμμα
1016 2055 1094 2086 νιν
1123 2035 1456 2102 ταυρουμένην

442 2118 619 2177 τοῖσδ’,
652 2119 718 2172 ὥς
747 2141 795 2172 τι
825 2119 1174 2187 δρασείουσαν·
1223 2120 1335 2173 οὐδὲ
1363 2121 1612 2174 παύσεται

442 2203 618 2272 χόλου,
652 2202 779 2273 σάφ’
809 2205 936 2265 οῖδα,
969 2205 1086 2273 πρὶν
1119 2207 1450 2273 κατασκῆψαί
1473 2227 1586 2259 τινα
1618 2243 1630 2258 .
1663 2243 1676 2258 .
1709 2242 1724 2257 .

445 2286 653 2354 ἐχθρούς
683 2308 742 2354 γε
771 2285 956 2352 μέντοι,
988 2288 1054 2354 μὴ
1087 2290 1283 2356 φίλους,
1318 2290 1518 2357 δράσειέ
1546 2312 1608 2343 τι.
1934 2309 1987 2351 95

372 2414 421 2452 71
462 2402 611 2454 μέλλοι
631 2401 746 2445 AV:
785 2402 934 2454 μέλλει
957 2404 1090 2445 LPB
1276 2418 1327 2456 73
1365 2405 1464 2448 τάδε
1494 2420 1532 2447 v.
1563 2412 1606 2446 et
1631 2406 1731 2450 Chr.
1764 2407 1855 2448 Pat.
1885 2409 1989 2448 1186

318 2469 369 2506 74
401 2457 648 2510 ἐξανέξεται]
666 2457 848 2510 ἀνέξεται
864 2458 904 2498 Α
1035 2473 1084 2510 77
1118 2463 1252 2501 ἐκεῖνα
1269 2491 1277 2500 .
1294 2490 1304 2501 .
1326 2490 1336 2501 .
1356 2461 1459 2514 φίλα
1472 2461 1686 2501 Tournier
1809 2464 1864 2502 80
1890 2462 1988 2506 τόδε

315 2511 715 2553 ΑνΒττάδεΕΡ
942 2515 994 2552 82
1029 2515 1316 2565 ὑμᾶςΑνΒε
1347 2516 1451 2567 ἡμᾶς
1473 2515 1555 2554 LP
1778 2518 1831 2567 84
1866 2518 1989 2560 κακός

315 2566 358 2618 γ’
400 2565 503 2606 LP:
541 2568 663 2608 κακὸς
697 2567 837 2606 AVB
1060 2570 1112 2619 85
1154 2572 1370 2622 γινώσκεις
1402 2570 1543 2610 AVB
1560 2570 1679 2614 1⁴¹2:
1719 2572 1912 2624 γινώσκει
1953 2572 1988 2612 Ρ

315 2637 380 2674 γρ.
407 2621 447 2660 V
468 2637 533 2674 γρ.
562 2620 630 2669 13²,
657 2627 700 2661 et
729 2623 971 2672 histriones,
1005 2626 1238 2665 secundum
1268 2630 1299 2669 Σ
1328 2627 1385 2676 (οἱ
1410 2624 1455 2666 δὲ
1479 2627 1684 2679 ὑποκριταὶ
1712 2626 1988 2678 ἀγνοήσαντες

317 2705 328 2716 .
362 2704 371 2714 .
401 2704 413 2716 .
445 2675 731 2726 μετατιθέασιν
761 2679 818 2719 εἷς
846 2677 911 2719 τό·
948 2679 1011 2720 τίς
1041 2678 1075 2720 δ’
1107 2681 1199 2732 οὐχὶ
1230 2683 1386 2729 θνητῶν
1414 2683 1537 2721 τοῦτο
1564 2682 1789 2734 γιγνώσκει
1825 2682 1983 2735 σαφῶς)

317 2729 368 2779 87
412 2731 659 2781 proscripsit
700 2731 901 2772 Brunck:
947 2735 1141 2787 περισσὸς
1179 2737 1200 2774 ὁ
1240 2734 1386 2786 στίχος
1419 2739 1450 2778 Σ
1668 2736 1724 2785 89
1767 2734 1987 2776 Personae

318 2790 463 2824 notam
503 2798 585 2826 om.
625 2787 689 2835 A3
735 2800 775 2827 ν.
814 2800 869 2838 90
906 2787 1116 2841 πρεσβύτῃ
1155 2788 1301 2828 tribuit
1342 2789 1390 2829 Β.
1472 2787 1590 2829 Idem
1634 2790 1816 2830 sortasse
1853 2790 1985 2831 voluit

317 2838 359 2878 A
400 2838 667 2893 (ἐρημώσασ’)
873 2853 928 2890 90
966 2843 1018 2883 σὺ
1056 2830 1111 2895 6']
1153 2842 1206 2882 σύ
1243 2844 1276 2883 θ’
1318 2843 1400 2882 LP
1549 2842 1778 2897 ἐρημώσασ’
1819 2844 1907 2897 ἔχει
1944 2845 1986 2886 Α

316 2906 369 2943 94
410 2894 589 2951 sortasse
619 2895 749 2948 χόλος
779 2901 822 2935 et
852 2896 956 2949 πρίν,
989 2897 1268 2952 κατασκήψας,
1296 2898 1388 2942 τινὰ
1417 2928 1428 2940 .
1461 2928 1473 2942 .
1505 2928 1517 2941 .
1552 2906 1648 2952 post
1679 2900 1988 2943 Hoffmannum

317 2947 592 2988 scribendum
652 2951 750 3003 (τινι
773 2949 1020 3002 Blomfield)
