<?xml version="1.0" encoding="UTF-8"?>
<!DOCTYPE html PUBLIC "-//W3C//DTD XHTML 1.0 Transitional//EN"
    "http://www.w3.org/TR/xhtml1/DTD/xhtml1-transitional.dtd">
<html xmlns="http://www.w3.org/1999/xhtml" xml:lang="en" lang="en">
 <head>
  <title>
</title>
<meta http-equiv="Content-Type" content="text/html;charset=utf-8" />
  <meta name='ocr-system' content='tesseract 3.04.00' />
  <meta name='ocr-capabilities' content='ocr_page ocr_carea ocr_par ocr_line ocrx_word'/>
</head>
<body>
  <div class='ocr_page' id='page_1' title='image "./euripidistragoed01euriuoft_0080.png"; bbox 0 0 2118 3366; ppageno 0'>
   <div class='ocr_carea' id='block_1_1' title="bbox 910 108 1353 158">
    <p class='ocr_par' dir='ltr' id='par_1_1' title="bbox 910 108 1353 158">
     <span class='ocr_line' id='line_1_1' title="bbox 910 108 1353 158; baseline 0.002 -1"><span class='ocrx_word' id='word_1_1' title='bbox 910 108 1353 158; x_wconf 72' lang='grc' dir='ltr'>ΕΥΡΙΠΙΔΟΥ</span> 
     </span>
    </p>
   </div>
   <div class='ocr_carea' id='block_1_2' title="bbox 295 235 1971 2886">
    <p class='ocr_par' dir='ltr' id='par_1_2' title="bbox 423 235 1574 304">
     <span class='ocr_line' id='line_1_2' title="bbox 423 235 1574 304; baseline 0.003 -17"><span class='ocrx_word' id='word_1_2' title='bbox 423 238 561 303; x_wconf 89' lang='grc' dir='ltr'>σίγα·</span> <span class='ocrx_word' id='word_1_3' title='bbox 607 236 773 302; x_wconf 77' lang='grc' dir='ltr'>νόμιζε</span> <span class='ocrx_word' id='word_1_4' title='bbox 802 235 861 296; x_wconf 86' lang='grc' dir='ltr'>δ’,</span> <span class='ocrx_word' id='word_1_5' title='bbox 895 238 938 288; x_wconf 82' lang='grc' dir='ltr'>εἰ</span> <span class='ocrx_word' id='word_1_6' title='bbox 958 236 1033 288; x_wconf 84' lang='grc' dir='ltr'>σὺ</span> <span class='ocrx_word' id='word_1_7' title='bbox 1062 236 1154 302; x_wconf 80' lang='grc' dir='ltr'>τὴν</span> <span class='ocrx_word' id='word_1_8' title='bbox 1185 241 1370 289; x_wconf 82' lang='grc' dir='ltr'>σαυτοῦ</span> <span class='ocrx_word' id='word_1_9' title='bbox 1398 242 1574 304; x_wconf 87' lang='grc' dir='ltr'>φιλεῖς-</span> 
     </span>
    </p>

    <p class='ocr_par' dir='ltr' id='par_1_3' title="bbox 420 318 1592 388">
     <span class='ocr_line' id='line_1_3' title="bbox 420 318 1592 388; baseline 0.003 -17"><span class='ocrx_word' id='word_1_10' title='bbox 420 318 611 388; x_wconf 81' lang='grc' dir='ltr'>ψυχήν,</span> <span class='ocrx_word' id='word_1_11' title='bbox 644 320 1083 386; x_wconf 78' lang='grc' dir='ltr'>φιλεῖνᾶπαντας·</span> <span class='ocrx_word' id='word_1_12' title='bbox 1129 323 1173 373; x_wconf 83' lang='grc' dir='ltr'>εἰ</span> <span class='ocrx_word' id='word_1_13' title='bbox 1203 320 1246 372; x_wconf 89' lang='grc' dir='ltr'>δ’</span> <span class='ocrx_word' id='word_1_14' title='bbox 1275 321 1402 386; x_wconf 81' lang='grc' dir='ltr'>ἡμᾶς</span> <span class='ocrx_word' id='word_1_15' title='bbox 1433 325 1592 375; x_wconf 82' lang='grc' dir='ltr'>κακῶς</span> 
     </span>
    </p>

    <p class='ocr_par' dir='ltr' id='par_1_4' title="bbox 295 399 1963 555">
     <span class='ocr_line' id='line_1_4' title="bbox 422 399 1963 475; baseline 0 -21"><span class='ocrx_word' id='word_1_16' title='bbox 422 405 565 469; x_wconf 79' lang='grc' dir='ltr'>ἐρεῖς,</span> <span class='ocrx_word' id='word_1_17' title='bbox 599 403 788 475; x_wconf 80' lang='grc' dir='ltr'>ἀκούσῃ</span> <span class='ocrx_word' id='word_1_18' title='bbox 819 406 989 456; x_wconf 83' lang='grc' dir='ltr'>πολλὰ</span> <span class='ocrx_word' id='word_1_19' title='bbox 1021 405 1106 456; x_wconf 82' lang='grc' dir='ltr'><em>κοῦ</em></span> <span class='ocrx_word' id='word_1_20' title='bbox 1133 407 1297 472; x_wconf 82' lang='grc' dir='ltr'>ψευδῆ</span> <span class='ocrx_word' id='word_1_21' title='bbox 1331 404 1469 456; x_wconf 87' lang='grc' dir='ltr'>κακά.</span> <span class='ocrx_word' id='word_1_22' title='bbox 1606 399 1609 402; x_wconf 38' lang='lat'><strong>⁴</strong></span> <span class='ocrx_word' id='word_1_23' title='bbox 1657 439 1662 443; x_wconf 88' lang='lat'><em>-</em></span> <span class='ocrx_word' id='word_1_24' title='bbox 1755 434 1757 439; x_wconf 71' lang='lat'><em>,</em></span> <span class='ocrx_word' id='word_1_25' title='bbox 1823 436 1828 440; x_wconf 93' lang='lat'>-</span> <span class='ocrx_word' id='word_1_26' title='bbox 1883 421 1963 466; x_wconf 81' lang='lat'>705</span> 
     </span>
     <span class='ocr_line' id='line_1_5' title="bbox 295 486 1559 555; baseline 0.001 -18"><span class='ocrx_word' id='word_1_27' title='bbox 295 491 390 537; x_wconf 90' lang='grc' dir='ltr'>Χο.</span> <span class='ocrx_word' id='word_1_28' title='bbox 421 487 579 538; x_wconf 85' lang='grc' dir='ltr'>πλείω</span> <span class='ocrx_word' id='word_1_29' title='bbox 608 486 842 538; x_wconf 90' lang='grc' dir='ltr'>λέλεκται</span> <span class='ocrx_word' id='word_1_30' title='bbox 872 492 958 539; x_wconf 91' lang='grc' dir='ltr'>νῦν</span> <span class='ocrx_word' id='word_1_31' title='bbox 988 510 1042 539; x_wconf 92' lang='grc' dir='ltr'>τε</span> <span class='ocrx_word' id='word_1_32' title='bbox 1072 488 1152 538; x_wconf 84' lang='grc' dir='ltr'>καὶ</span> <span class='ocrx_word' id='word_1_33' title='bbox 1181 489 1389 555; x_wconf 79' lang='grc' dir='ltr'>τὰπρὶν</span> <span class='ocrx_word' id='word_1_34' title='bbox 1421 487 1559 539; x_wconf 87' lang='grc' dir='ltr'>κακά·</span> 
     </span>
    </p>

    <p class='ocr_par' dir='ltr' id='par_1_5' title="bbox 298 570 1644 721">
     <span class='ocr_line' id='line_1_6' title="bbox 422 570 1629 637; baseline 0.001 -15"><span class='ocrx_word' id='word_1_35' title='bbox 422 575 611 622; x_wconf 90' lang='grc' dir='ltr'>παῦσαι</span> <span class='ocrx_word' id='word_1_36' title='bbox 640 570 710 628; x_wconf 92' lang='grc' dir='ltr'>δέ,</span> <span class='ocrx_word' id='word_1_37' title='bbox 743 570 958 636; x_wconf 83' lang='grc' dir='ltr'>πρέσβυ,</span> <span class='ocrx_word' id='word_1_38' title='bbox 992 575 1144 622; x_wconf 89' lang='grc' dir='ltr'>παῖδα</span> <span class='ocrx_word' id='word_1_39' title='bbox 1175 571 1268 622; x_wconf 83' lang='grc' dir='ltr'>σὸν</span> <span class='ocrx_word' id='word_1_40' title='bbox 1300 575 1629 637; x_wconf 86' lang='grc' dir='ltr'>κακορροθῶν.</span> 
     </span>
     <span class='ocr_line' id='line_1_7' title="bbox 298 653 1644 721; baseline 0 -17"><span class='ocrx_word' id='word_1_41' title='bbox 298 658 386 705; x_wconf 93' lang='grc' dir='ltr'>Αδ.</span> <span class='ocrx_word' id='word_1_42' title='bbox 422 653 548 720; x_wconf 88' lang='grc' dir='ltr'>λέγ’,</span> <span class='ocrx_word' id='word_1_43' title='bbox 583 653 647 707; x_wconf 84' lang='grc' dir='ltr'>ὡς</span> <span class='ocrx_word' id='word_1_44' title='bbox 679 656 797 718; x_wconf 82' lang='grc' dir='ltr'>ἐμοῦ</span> <span class='ocrx_word' id='word_1_45' title='bbox 823 653 1079 718; x_wconf 80' lang='grc' dir='ltr'>λέξαντος·</span> <span class='ocrx_word' id='word_1_46' title='bbox 1128 656 1170 705; x_wconf 86' lang='grc' dir='ltr'>εἶ</span> <span class='ocrx_word' id='word_1_47' title='bbox 1201 654 1243 705; x_wconf 90' lang='grc' dir='ltr'>δ’</span> <span class='ocrx_word' id='word_1_48' title='bbox 1275 655 1448 721; x_wconf 80' lang='grc' dir='ltr'>ἀλγεῖς</span> <span class='ocrx_word' id='word_1_49' title='bbox 1481 655 1644 705; x_wconf 81' lang='grc' dir='ltr'>κλύων</span> 
     </span>
    </p>

    <p class='ocr_par' dir='ltr' id='par_1_6' title="bbox 298 736 1969 1642">
     <span class='ocr_line' id='line_1_8' title="bbox 422 736 1588 804; baseline 0.001 -16"><span class='ocrx_word' id='word_1_50' title='bbox 422 736 649 801; x_wconf 88' lang='grc' dir='ltr'>τάληθές,</span> <span class='ocrx_word' id='word_1_51' title='bbox 683 737 739 787; x_wconf 88' lang='grc' dir='ltr'>οὐ</span> <span class='ocrx_word' id='word_1_52' title='bbox 768 741 897 804; x_wconf 87' lang='grc' dir='ltr'>χρῆν</span> <span class='ocrx_word' id='word_1_53' title='bbox 929 737 977 787; x_wconf 89' lang='grc' dir='ltr'>σ’</span> <span class='ocrx_word' id='word_1_54' title='bbox 1010 740 1079 790; x_wconf 84' lang='grc' dir='ltr'>εἰς</span> <span class='ocrx_word' id='word_1_55' title='bbox 1110 737 1184 802; x_wconf 84' lang='grc' dir='ltr'>ἔμ’</span> <span class='ocrx_word' id='word_1_56' title='bbox 1215 736 1588 804; x_wconf 81' lang='grc' dir='ltr'>ἐξαμαρτάνειν.</span> 
     </span>
     <span class='ocr_line' id='line_1_9' title="bbox 299 820 1969 892; baseline 0.001 -20"><span class='ocrx_word' id='word_1_57' title='bbox 299 825 388 872; x_wconf 87' lang='grc' dir='ltr'>Φε.</span> <span class='ocrx_word' id='word_1_58' title='bbox 421 825 514 871; x_wconf 90' lang='grc' dir='ltr'>σοῦ</span> <span class='ocrx_word' id='word_1_59' title='bbox 544 821 585 872; x_wconf 86' lang='grc' dir='ltr'>δ’</span> <span class='ocrx_word' id='word_1_60' title='bbox 619 820 678 871; x_wconf 79' lang='grc' dir='ltr'>ἂν</span> <span class='ocrx_word' id='word_1_61' title='bbox 709 822 1038 892; x_wconf 81' lang='grc' dir='ltr'>προθνῄσκων</span> <span class='ocrx_word' id='word_1_62' title='bbox 1066 825 1264 886; x_wconf 74' lang='grc' dir='ltr'>μᾶλλον</span> <span class='ocrx_word' id='word_1_63' title='bbox 1296 820 1653 888; x_wconf 78' lang='grc' dir='ltr'>ἐξημάρτανον.</span> <span class='ocrx_word' id='word_1_64' title='bbox 1892 837 1969 879; x_wconf 87' lang='lat'>710</span> 
     </span>
     <span class='ocr_line' id='line_1_10' title="bbox 298 904 1725 972; baseline 0.001 -17"><span class='ocrx_word' id='word_1_65' title='bbox 298 909 387 956; x_wconf 89' lang='grc' dir='ltr'>Αδ.</span> <span class='ocrx_word' id='word_1_66' title='bbox 426 904 603 956; x_wconf 82' lang='grc' dir='ltr'>ταύτὸν</span> <span class='ocrx_word' id='word_1_67' title='bbox 634 907 728 971; x_wconf 79' lang='grc' dir='ltr'>γὰρ</span> <span class='ocrx_word' id='word_1_68' title='bbox 758 905 944 969; x_wconf 80' lang='grc' dir='ltr'>ἡβῶντ’</span> <span class='ocrx_word' id='word_1_69' title='bbox 975 905 1130 971; x_wconf 82' lang='grc' dir='ltr'>ἄνδρα</span> <span class='ocrx_word' id='word_1_70' title='bbox 1162 906 1240 956; x_wconf 87' lang='grc' dir='ltr'>καὶ</span> <span class='ocrx_word' id='word_1_71' title='bbox 1270 904 1502 972; x_wconf 84' lang='grc' dir='ltr'>πρέσβυν</span> <span class='ocrx_word' id='word_1_72' title='bbox 1533 909 1725 965; x_wconf 87' lang='grc' dir='ltr'>θανεῖν;</span> 
     </span>
     <span class='ocr_line' id='line_1_11' title="bbox 299 988 1404 1060; baseline 0.001 -21"><span class='ocrx_word' id='word_1_73' title='bbox 299 992 388 1040; x_wconf 90' lang='grc' dir='ltr'>Φε.</span> <span class='ocrx_word' id='word_1_74' title='bbox 419 993 564 1060; x_wconf 80' lang='grc' dir='ltr'>ψυχῇ</span> <span class='ocrx_word' id='word_1_75' title='bbox 592 996 680 1058; x_wconf 79' lang='grc' dir='ltr'>μιᾷ</span> <span class='ocrx_word' id='word_1_76' title='bbox 712 988 813 1052; x_wconf 81' lang='grc' dir='ltr'>ζῆν,</span> <span class='ocrx_word' id='word_1_77' title='bbox 847 988 903 1039; x_wconf 82' lang='grc' dir='ltr'>οὐ</span> <span class='ocrx_word' id='word_1_78' title='bbox 933 993 1083 1047; x_wconf 92' lang='grc' dir='ltr'>δυοῖν,</span> <span class='ocrx_word' id='word_1_79' title='bbox 1116 990 1404 1056; x_wconf 85' lang='grc' dir='ltr'>ὀφείλομεν.</span> 
     </span>
     <span class='ocr_line' id='line_1_12' title="bbox 298 1070 1490 1143; baseline -0.001 -18"><span class='ocrx_word' id='word_1_80' title='bbox 298 1075 387 1125; x_wconf 87' lang='grc' dir='ltr'>Αδ.</span> <span class='ocrx_word' id='word_1_81' title='bbox 429 1072 506 1122; x_wconf 88' lang='grc' dir='ltr'>καὶ</span> <span class='ocrx_word' id='word_1_82' title='bbox 535 1071 632 1137; x_wconf 82' lang='grc' dir='ltr'>μὴν</span> <span class='ocrx_word' id='word_1_83' title='bbox 666 1072 790 1125; x_wconf 89' lang='grc' dir='ltr'>Διός</span> <span class='ocrx_word' id='word_1_84' title='bbox 820 1094 879 1139; x_wconf 92' lang='grc' dir='ltr'>γε</span> <span class='ocrx_word' id='word_1_85' title='bbox 908 1073 1107 1137; x_wconf 81' lang='grc' dir='ltr'>μείζονα</span> <span class='ocrx_word' id='word_1_86' title='bbox 1139 1070 1262 1143; x_wconf 80' lang='grc' dir='ltr'>ζῴης</span> <span class='ocrx_word' id='word_1_87' title='bbox 1290 1074 1490 1140; x_wconf 87' lang='grc' dir='ltr'>χρόνον.</span> 
     </span>
     <span class='ocr_line' id='line_1_13' title="bbox 299 1156 1399 1225; baseline 0.001 -18"><span class='ocrx_word' id='word_1_88' title='bbox 299 1160 389 1207; x_wconf 84' lang='grc' dir='ltr'>Φε.</span> <span class='ocrx_word' id='word_1_89' title='bbox 422 1157 516 1225; x_wconf 81' lang='grc' dir='ltr'>ἀρᾷ</span> <span class='ocrx_word' id='word_1_90' title='bbox 546 1161 778 1222; x_wconf 84' lang='grc' dir='ltr'>γονεῦσιν</span> <span class='ocrx_word' id='word_1_91' title='bbox 809 1156 951 1208; x_wconf 82' lang='grc' dir='ltr'>οὐδὲν</span> <span class='ocrx_word' id='word_1_92' title='bbox 983 1156 1173 1208; x_wconf 85' lang='grc' dir='ltr'>ἔκδικον</span> <span class='ocrx_word' id='word_1_93' title='bbox 1203 1157 1399 1217; x_wconf 87' lang='grc' dir='ltr'>παθών;</span> 
     </span>
     <span class='ocr_line' id='line_1_14' title="bbox 299 1240 1968 1312; baseline 0.002 -22"><span class='ocrx_word' id='word_1_94' title='bbox 299 1244 387 1291; x_wconf 90' lang='grc' dir='ltr'>Αδ.</span> <span class='ocrx_word' id='word_1_95' title='bbox 425 1244 612 1306; x_wconf 85' lang='grc' dir='ltr'>μακροῦ</span> <span class='ocrx_word' id='word_1_96' title='bbox 641 1241 757 1305; x_wconf 89' lang='grc' dir='ltr'>βίου</span> <span class='ocrx_word' id='word_1_97' title='bbox 790 1242 884 1307; x_wconf 77' lang='grc' dir='ltr'>γὰρ</span> <span class='ocrx_word' id='word_1_98' title='bbox 914 1240 1142 1312; x_wconf 83' lang='grc' dir='ltr'>ᾐσθόμην</span> <span class='ocrx_word' id='word_1_99' title='bbox 1172 1241 1360 1307; x_wconf 79' lang='grc' dir='ltr'>ἐρῶντά</span> <span class='ocrx_word' id='word_1_100' title='bbox 1391 1263 1467 1292; x_wconf 90' lang='grc' dir='ltr'>σε.</span> <span class='ocrx_word' id='word_1_101' title='bbox 1896 1253 1968 1299; x_wconf 84' lang='lat'>715</span> 
     </span>
     <span class='ocr_line' id='line_1_15' title="bbox 299 1323 1631 1392; baseline 0.002 -18"><span class='ocrx_word' id='word_1_102' title='bbox 299 1328 392 1375; x_wconf 87' lang='grc' dir='ltr'>Φε.</span> <span class='ocrx_word' id='word_1_103' title='bbox 423 1323 538 1374; x_wconf 86' lang='grc' dir='ltr'>ἀλλ’</span> <span class='ocrx_word' id='word_1_104' title='bbox 569 1325 625 1375; x_wconf 86' lang='grc' dir='ltr'>οὐ</span> <span class='ocrx_word' id='word_1_105' title='bbox 656 1324 719 1375; x_wconf 85' lang='grc' dir='ltr'>σὺ</span> <span class='ocrx_word' id='word_1_106' title='bbox 749 1323 921 1391; x_wconf 83' lang='grc' dir='ltr'>νεκρὸν</span> <span class='ocrx_word' id='word_1_107' title='bbox 953 1325 1063 1375; x_wconf 86' lang='grc' dir='ltr'>ἀντὶ</span> <span class='ocrx_word' id='word_1_108' title='bbox 1095 1329 1188 1375; x_wconf 82' lang='grc' dir='ltr'>σοῦ</span> <span class='ocrx_word' id='word_1_109' title='bbox 1216 1325 1348 1376; x_wconf 79' lang='grc' dir='ltr'>τόνδ’</span> <span class='ocrx_word' id='word_1_110' title='bbox 1379 1324 1631 1392; x_wconf 82' lang='grc' dir='ltr'>ἐκφέρεις,·</span> 
     </span>
     <span class='ocr_line' id='line_1_16' title="bbox 300 1406 1456 1476; baseline 0.001 -18"><span class='ocrx_word' id='word_1_111' title='bbox 300 1412 387 1458; x_wconf 85' lang='grc' dir='ltr'>Αδ.</span> <span class='ocrx_word' id='word_1_112' title='bbox 428 1413 610 1472; x_wconf 86' lang='grc' dir='ltr'>σημεῖα</span> <span class='ocrx_word' id='word_1_113' title='bbox 640 1411 726 1471; x_wconf 86' lang='grc' dir='ltr'>τῆς</span> <span class='ocrx_word' id='word_1_114' title='bbox 759 1411 868 1472; x_wconf 88' lang='grc' dir='ltr'>σῆς,</span> <span class='ocrx_word' id='word_1_115' title='bbox 902 1406 939 1459; x_wconf 73' lang='grc' dir='ltr'><em>ὦ</em></span> <span class='ocrx_word' id='word_1_116' title='bbox 971 1408 1182 1467; x_wconf 86' lang='grc' dir='ltr'>κάκιστ’,</span> <span class='ocrx_word' id='word_1_117' title='bbox 1214 1410 1456 1476; x_wconf 81' lang='grc' dir='ltr'>ἀψυχίας.</span> 
     </span>
     <span class='ocr_line' id='line_1_17' title="bbox 300 1491 1597 1559; baseline 0.001 -17"><span class='ocrx_word' id='word_1_118' title='bbox 300 1496 389 1543; x_wconf 85' lang='grc' dir='ltr'>Φε.</span> <span class='ocrx_word' id='word_1_119' title='bbox 424 1492 557 1542; x_wconf 75' lang='grc' dir='ltr'>οὗτοι</span> <span class='ocrx_word' id='word_1_120' title='bbox 588 1491 710 1558; x_wconf 82' lang='grc' dir='ltr'>πρὸς</span> <span class='ocrx_word' id='word_1_121' title='bbox 739 1492 876 1556; x_wconf 83' lang='grc' dir='ltr'>ἡμῶν</span> <span class='ocrx_word' id='word_1_122' title='bbox 907 1491 954 1558; x_wconf 82' lang='grc' dir='ltr'>γ’</span> <span class='ocrx_word' id='word_1_123' title='bbox 986 1492 1146 1544; x_wconf 82' lang='grc' dir='ltr'>ὤλετ’·</span> <span class='ocrx_word' id='word_1_124' title='bbox 1193 1493 1280 1544; x_wconf 85' lang='grc' dir='ltr'>οὐκ</span> <span class='ocrx_word' id='word_1_125' title='bbox 1312 1494 1438 1559; x_wconf 83' lang='grc' dir='ltr'>ἐρεῖς</span> <span class='ocrx_word' id='word_1_126' title='bbox 1468 1493 1597 1544; x_wconf 86' lang='grc' dir='ltr'>τόδε.</span> 
     </span>
     <span class='ocr_line' id='line_1_18' title="bbox 300 1579 542 1642; baseline 0.004 -17"><span class='ocrx_word' id='word_1_127' title='bbox 300 1579 386 1626; x_wconf 85' lang='grc' dir='ltr'>Αδ.</span> <span class='ocrx_word' id='word_1_128' title='bbox 432 1581 542 1642; x_wconf 80' lang='grc' dir='ltr'>φεῦ·</span> 
     </span>
    </p>

    <p class='ocr_par' dir='ltr' id='par_1_7' title="bbox 300 1659 1970 2567">
     <span class='ocr_line' id='line_1_19' title="bbox 426 1659 1623 1728; baseline 0.001 -18"><span class='ocrx_word' id='word_1_129' title='bbox 426 1659 516 1710; x_wconf 84' lang='grc' dir='ltr'>εἴθ’</span> <span class='ocrx_word' id='word_1_130' title='bbox 547 1659 723 1726; x_wconf 86' lang='grc' dir='ltr'>ἀνδρὸς</span> <span class='ocrx_word' id='word_1_131' title='bbox 752 1659 918 1713; x_wconf 82' lang='grc' dir='ltr'>ἔλθοις</span> <span class='ocrx_word' id='word_1_132' title='bbox 946 1659 1088 1712; x_wconf 87' lang='grc' dir='ltr'>τοῦδέ</span> <span class='ocrx_word' id='word_1_133' title='bbox 1118 1660 1165 1727; x_wconf 87' lang='grc' dir='ltr'>γ’</span> <span class='ocrx_word' id='word_1_134' title='bbox 1200 1662 1249 1714; x_wconf 80' lang='grc' dir='ltr'>ἐς</span> <span class='ocrx_word' id='word_1_135' title='bbox 1278 1660 1452 1728; x_wconf 85' lang='grc' dir='ltr'>χρείαν</span> <span class='ocrx_word' id='word_1_136' title='bbox 1483 1659 1623 1711; x_wconf 90' lang='grc' dir='ltr'>ποτέ.</span> 
     </span>
     <span class='ocr_line' id='line_1_20' title="bbox 301 1742 1970 1807; baseline 0.002 -14"><span class='ocrx_word' id='word_1_137' title='bbox 301 1747 388 1794; x_wconf 83' lang='grc' dir='ltr'>Φε.</span> <span class='ocrx_word' id='word_1_138' title='bbox 422 1742 668 1807; x_wconf 86' lang='grc' dir='ltr'>μνήστευε</span> <span class='ocrx_word' id='word_1_139' title='bbox 698 1744 907 1802; x_wconf 89' lang='grc' dir='ltr'>πολλάς,</span> <span class='ocrx_word' id='word_1_140' title='bbox 944 1745 1008 1798; x_wconf 79' lang='grc' dir='ltr'>ὡς</span> <span class='ocrx_word' id='word_1_141' title='bbox 1041 1744 1231 1796; x_wconf 86' lang='grc' dir='ltr'>θάνωσι</span> <span class='ocrx_word' id='word_1_142' title='bbox 1260 1746 1506 1798; x_wconf 86' lang='grc' dir='ltr'>πλείονες.</span> <span class='ocrx_word' id='word_1_143' title='bbox 1890 1757 1970 1802; x_wconf 84' lang='lat'>720</span> 
     </span>
     <span class='ocr_line' id='line_1_21' title="bbox 302 1827 1559 1895; baseline 0.001 -18"><span class='ocrx_word' id='word_1_144' title='bbox 302 1831 390 1878; x_wconf 89' lang='grc' dir='ltr'>Αδ.</span> <span class='ocrx_word' id='word_1_145' title='bbox 431 1828 512 1878; x_wconf 86' lang='grc' dir='ltr'>σοὶ</span> <span class='ocrx_word' id='word_1_146' title='bbox 537 1827 667 1878; x_wconf 88' lang='grc' dir='ltr'>τοῦτ’</span> <span class='ocrx_word' id='word_1_147' title='bbox 699 1830 903 1881; x_wconf 85' lang='grc' dir='ltr'>ὄνειδος·</span> <span class='ocrx_word' id='word_1_148' title='bbox 952 1830 1008 1880; x_wconf 84' lang='grc' dir='ltr'>οὐ</span> <span class='ocrx_word' id='word_1_149' title='bbox 1039 1831 1134 1895; x_wconf 80' lang='grc' dir='ltr'>γὰρ</span> <span class='ocrx_word' id='word_1_150' title='bbox 1165 1828 1343 1893; x_wconf 85' lang='grc' dir='ltr'>ἤθελες</span> <span class='ocrx_word' id='word_1_151' title='bbox 1375 1832 1559 1879; x_wconf 81' lang='grc' dir='ltr'>θανεῖν.</span> 
     </span>
     <span class='ocr_line' id='line_1_22' title="bbox 301 1911 1546 1979; baseline 0.001 -17"><span class='ocrx_word' id='word_1_152' title='bbox 301 1916 390 1962; x_wconf 92' lang='grc' dir='ltr'>Φε.</span> <span class='ocrx_word' id='word_1_153' title='bbox 426 1913 577 1978; x_wconf 90' lang='grc' dir='ltr'>φίλον</span> <span class='ocrx_word' id='word_1_154' title='bbox 608 1911 664 1962; x_wconf 84' lang='grc' dir='ltr'>τὸ</span> <span class='ocrx_word' id='word_1_155' title='bbox 697 1911 888 1979; x_wconf 90' lang='grc' dir='ltr'>φέγγος</span> <span class='ocrx_word' id='word_1_156' title='bbox 918 1917 1062 1963; x_wconf 82' lang='grc' dir='ltr'>τοῦτο</span> <span class='ocrx_word' id='word_1_157' title='bbox 1094 1917 1181 1963; x_wconf 84' lang='grc' dir='ltr'>τοῦ</span> <span class='ocrx_word' id='word_1_158' title='bbox 1211 1916 1338 1971; x_wconf 85' lang='grc' dir='ltr'>θεοῦ,</span> <span class='ocrx_word' id='word_1_159' title='bbox 1374 1913 1546 1979; x_wconf 88' lang='grc' dir='ltr'>φίλον.</span> 
     </span>
     <span class='ocr_line' id='line_1_23' title="bbox 300 1995 1561 2063; baseline 0.001 -18"><span class='ocrx_word' id='word_1_160' title='bbox 300 1999 389 2046; x_wconf 88' lang='grc' dir='ltr'>Αδ.</span> <span class='ocrx_word' id='word_1_161' title='bbox 428 1995 576 2046; x_wconf 84' lang='grc' dir='ltr'>κακὸν</span> <span class='ocrx_word' id='word_1_162' title='bbox 605 1995 662 2046; x_wconf 84' lang='grc' dir='ltr'>τὸ</span> <span class='ocrx_word' id='word_1_163' title='bbox 691 1998 828 2060; x_wconf 86' lang='grc' dir='ltr'>λῆμα</span> <span class='ocrx_word' id='word_1_164' title='bbox 859 1997 977 2047; x_wconf 85' lang='grc' dir='ltr'>κούκ</span> <span class='ocrx_word' id='word_1_165' title='bbox 1009 1999 1061 2048; x_wconf 81' lang='grc' dir='ltr'>ἐν</span> <span class='ocrx_word' id='word_1_166' title='bbox 1093 1995 1334 2063; x_wconf 86' lang='grc' dir='ltr'>ἀνδράσιν</span> <span class='ocrx_word' id='word_1_167' title='bbox 1364 1995 1420 2046; x_wconf 85' lang='grc' dir='ltr'>τὸ</span> <span class='ocrx_word' id='word_1_168' title='bbox 1452 1995 1561 2046; x_wconf 91' lang='grc' dir='ltr'>σόν.</span> 
     </span>
     <span class='ocr_line' id='line_1_24' title="bbox 302 2079 1514 2150; baseline 0.002 -21"><span class='ocrx_word' id='word_1_169' title='bbox 302 2084 390 2130; x_wconf 84' lang='grc' dir='ltr'>Φε.</span> <span class='ocrx_word' id='word_1_170' title='bbox 424 2079 508 2129; x_wconf 84' lang='grc' dir='ltr'>οὐκ</span> <span class='ocrx_word' id='word_1_171' title='bbox 542 2080 754 2150; x_wconf 76' lang='grc' dir='ltr'>ἐγγελᾷς</span> <span class='ocrx_word' id='word_1_172' title='bbox 784 2079 995 2146; x_wconf 91' lang='grc' dir='ltr'>γέροντα</span> <span class='ocrx_word' id='word_1_173' title='bbox 1023 2080 1294 2145; x_wconf 80' lang='grc' dir='ltr'>βαστάζων</span> <span class='ocrx_word' id='word_1_174' title='bbox 1324 2080 1514 2147; x_wconf 90' lang='grc' dir='ltr'>νεκρόν.</span> 
     </span>
     <span class='ocr_line' id='line_1_25' title="bbox 304 2163 1970 2235; baseline 0.002 -22"><span class='ocrx_word' id='word_1_175' title='bbox 304 2167 390 2214; x_wconf 92' lang='grc' dir='ltr'>Αδ.</span> <span class='ocrx_word' id='word_1_176' title='bbox 430 2166 554 2235; x_wconf 83' lang='grc' dir='ltr'>θανῇ</span> <span class='ocrx_word' id='word_1_177' title='bbox 586 2185 644 2230; x_wconf 93' lang='grc' dir='ltr'>γε</span> <span class='ocrx_word' id='word_1_178' title='bbox 672 2163 842 2229; x_wconf 89' lang='grc' dir='ltr'>μέντοι</span> <span class='ocrx_word' id='word_1_179' title='bbox 873 2163 1135 2228; x_wconf 88' lang='grc' dir='ltr'>δυσκλεής,</span> <span class='ocrx_word' id='word_1_180' title='bbox 1170 2166 1289 2216; x_wconf 86' lang='grc' dir='ltr'>ὅταν</span> <span class='ocrx_word' id='word_1_181' title='bbox 1321 2163 1488 2235; x_wconf 86' lang='grc' dir='ltr'>θάνῃς.</span> <span class='ocrx_word' id='word_1_182' title='bbox 1887 2177 1970 2217; x_wconf 90' lang='lat'>725</span> 
     </span>
     <span class='ocr_line' id='line_1_26' title="bbox 303 2247 1430 2313; baseline 0.002 -16"><span class='ocrx_word' id='word_1_183' title='bbox 303 2251 390 2298; x_wconf 87' lang='grc' dir='ltr'>Φε.</span> <span class='ocrx_word' id='word_1_184' title='bbox 425 2253 582 2300; x_wconf 81' lang='grc' dir='ltr'>κακῶς</span> <span class='ocrx_word' id='word_1_185' title='bbox 611 2248 807 2299; x_wconf 83' lang='grc' dir='ltr'>ἀκούειν</span> <span class='ocrx_word' id='word_1_186' title='bbox 839 2247 895 2299; x_wconf 82' lang='grc' dir='ltr'>οὗ</span> <span class='ocrx_word' id='word_1_187' title='bbox 924 2247 1067 2313; x_wconf 87' lang='grc' dir='ltr'>μέλει</span> <span class='ocrx_word' id='word_1_188' title='bbox 1099 2249 1301 2300; x_wconf 89' lang='grc' dir='ltr'>θανόντι</span> <span class='ocrx_word' id='word_1_189' title='bbox 1328 2269 1430 2313; x_wconf 94' lang='grc' dir='ltr'>μοι.</span> 
     </span>
     <span class='ocr_line' id='line_1_27' title="bbox 303 2331 1547 2398; baseline 0.002 -18"><span class='ocrx_word' id='word_1_190' title='bbox 303 2335 391 2385; x_wconf 85' lang='grc' dir='ltr'>Αδ.</span> <span class='ocrx_word' id='word_1_191' title='bbox 433 2336 528 2398; x_wconf 85' lang='grc' dir='ltr'>φεῦ</span> <span class='ocrx_word' id='word_1_192' title='bbox 558 2336 669 2398; x_wconf 86' lang='grc' dir='ltr'>φεῦ·</span> <span class='ocrx_word' id='word_1_193' title='bbox 714 2331 770 2382; x_wconf 84' lang='grc' dir='ltr'>τὸ</span> <span class='ocrx_word' id='word_1_194' title='bbox 802 2335 957 2398; x_wconf 86' lang='grc' dir='ltr'>γῆρας</span> <span class='ocrx_word' id='word_1_195' title='bbox 989 2332 1053 2385; x_wconf 83' lang='grc' dir='ltr'>ὣς</span> <span class='ocrx_word' id='word_1_196' title='bbox 1083 2333 1331 2386; x_wconf 90' lang='grc' dir='ltr'>ἀναιδείας</span> <span class='ocrx_word' id='word_1_197' title='bbox 1362 2331 1547 2384; x_wconf 91' lang='grc' dir='ltr'>πλέων.</span> 
     </span>
     <span class='ocr_line' id='line_1_28' title="bbox 302 2414 1534 2484; baseline 0.002 -20"><span class='ocrx_word' id='word_1_198' title='bbox 302 2419 391 2465; x_wconf 85' lang='grc' dir='ltr'>Φε.</span> <span class='ocrx_word' id='word_1_199' title='bbox 423 2415 498 2479; x_wconf 85' lang='grc' dir='ltr'>ἥδ’</span> <span class='ocrx_word' id='word_1_200' title='bbox 531 2416 617 2466; x_wconf 84' lang='grc' dir='ltr'>οὐκ</span> <span class='ocrx_word' id='word_1_201' title='bbox 647 2414 864 2479; x_wconf 87' lang='grc' dir='ltr'>ἀναιδής·</span> <span class='ocrx_word' id='word_1_202' title='bbox 911 2415 1047 2480; x_wconf 79' lang='grc' dir='ltr'>τήνδ’</span> <span class='ocrx_word' id='word_1_203' title='bbox 1079 2419 1291 2484; x_wconf 83' lang='grc' dir='ltr'>ἐφηῦρες</span> <span class='ocrx_word' id='word_1_204' title='bbox 1322 2415 1534 2483; x_wconf 81' lang='grc' dir='ltr'>ἄφρονα.</span> 
     </span>
     <span class='ocr_line' id='line_1_29' title="bbox 303 2498 1434 2567; baseline 0.002 -19"><span class='ocrx_word' id='word_1_205' title='bbox 303 2502 390 2549; x_wconf 90' lang='grc' dir='ltr'>Αδ.</span> <span class='ocrx_word' id='word_1_206' title='bbox 428 2498 616 2551; x_wconf 83' lang='grc' dir='ltr'>ἄπελθε</span> <span class='ocrx_word' id='word_1_207' title='bbox 646 2501 767 2564; x_wconf 80' lang='grc' dir='ltr'>κάμὲ</span> <span class='ocrx_word' id='word_1_208' title='bbox 799 2500 931 2551; x_wconf 84' lang='grc' dir='ltr'>τόνδ’</span> <span class='ocrx_word' id='word_1_209' title='bbox 963 2501 1019 2552; x_wconf 85' lang='grc' dir='ltr'>ἔα</span> <span class='ocrx_word' id='word_1_210' title='bbox 1053 2499 1213 2567; x_wconf 78' lang='grc' dir='ltr'>θάψαι</span> <span class='ocrx_word' id='word_1_211' title='bbox 1243 2501 1434 2566; x_wconf 89' lang='grc' dir='ltr'>νεκρόν.</span> 
     </span>
    </p>

    <p class='ocr_par' dir='ltr' id='par_1_8' title="bbox 354 2610 1971 2666">
     <span class='ocr_line' id='line_1_30' title="bbox 354 2610 1971 2666; baseline 0.001 -14"><span class='ocrx_word' id='word_1_212' title='bbox 354 2615 436 2663; x_wconf 72' lang='lat' dir='ltr'>v706</span> <span class='ocrx_word' id='word_1_213' title='bbox 464 2613 536 2664; x_wconf 77' lang='grc' dir='ltr'>τὰ]</span> <span class='ocrx_word' id='word_1_214' title='bbox 557 2616 605 2655; x_wconf 81' lang='grc' dir='ltr'>τὸ</span> <span class='ocrx_word' id='word_1_215' title='bbox 622 2615 864 2654; x_wconf 85' lang='lat' dir='ltr'>Wakefield</span> <span class='ocrx_word' id='word_1_216' title='bbox 1049 2617 1127 2666; x_wconf 89' lang='lat'>708</span> <span class='ocrx_word' id='word_1_217' title='bbox 1156 2615 1348 2666; x_wconf 78' lang='grc' dir='ltr'>λέξαντος</span> <span class='ocrx_word' id='word_1_218' title='bbox 1373 2613 1404 2651; x_wconf 92' lang='lat' dir='ltr'>L</span> <span class='ocrx_word' id='word_1_219' title='bbox 1421 2614 1454 2652; x_wconf 93' lang='lat' dir='ltr'>P</span> <span class='ocrx_word' id='word_1_220' title='bbox 1467 2614 1547 2655; x_wconf 62' lang='lat' dir='ltr'>V}</span> <span class='ocrx_word' id='word_1_221' title='bbox 1566 2626 1575 2650; x_wconf 73' lang='grc' dir='ltr'>τ</span> <span class='ocrx_word' id='word_1_222' title='bbox 1604 2610 1802 2664; x_wconf 77' lang='grc' dir='ltr'>λέγοντος</span> <span class='ocrx_word' id='word_1_223' title='bbox 1823 2614 1858 2652; x_wconf 93' lang='grc' dir='ltr'>Β</span> <span class='ocrx_word' id='word_1_224' title='bbox 1875 2614 1914 2653; x_wconf 94' lang='lat' dir='ltr'>D</span> <span class='ocrx_word' id='word_1_225' title='bbox 1931 2613 1971 2653; x_wconf 94' lang='lat' dir='ltr'>O</span> 
     </span>
    </p>

    <p class='ocr_par' dir='ltr' id='par_1_9' title="bbox 301 2668 1969 2886">
     <span class='ocr_line' id='line_1_31' title="bbox 303 2668 1969 2720; baseline 0 -14"><span class='ocrx_word' id='word_1_226' title='bbox 303 2681 378 2718; x_wconf 88' lang='lat'>713</span> <span class='ocrx_word' id='word_1_227' title='bbox 422 2668 584 2719; x_wconf 74' lang='grc' dir='ltr'>μείζονα</span> <span class='ocrx_word' id='word_1_228' title='bbox 623 2670 830 2708; x_wconf 84' lang='lat' dir='ltr'>Schaefer</span> <span class='ocrx_word' id='word_1_229' title='bbox 869 2675 911 2708; x_wconf 82' lang='lat' dir='ltr'>et</span> <span class='ocrx_word' id='word_1_230' title='bbox 949 2675 980 2712; x_wconf 79' lang='grc' dir='ltr'>Σ</span> <span class='ocrx_word' id='word_1_231' title='bbox 1019 2670 1215 2719; x_wconf 87' lang='lat' dir='ltr'>primitus</span> <span class='ocrx_word' id='word_1_232' title='bbox 1238 2684 1266 2708; x_wconf 76' lang='lat' dir='ltr'>z.</span> <span class='ocrx_word' id='word_1_233' title='bbox 1289 2668 1425 2720; x_wconf 73' lang='grc' dir='ltr'>μεῖζον</span> <span class='ocrx_word' id='word_1_234' title='bbox 1459 2670 1507 2709; x_wconf 74' lang='grc' dir='ltr'>ἂν</span> <span class='ocrx_word' id='word_1_235' title='bbox 1541 2668 1662 2707; x_wconf 92' lang='lat' dir='ltr'>codd.</span> <span class='ocrx_word' id='word_1_236' title='bbox 1705 2674 1748 2706; x_wconf 90' lang='lat' dir='ltr'>et</span> <span class='ocrx_word' id='word_1_237' title='bbox 1777 2673 1817 2711; x_wconf 63' lang='lat'>2</span> <span class='ocrx_word' id='word_1_238' title='bbox 1857 2681 1969 2706; x_wconf 90' lang='lat' dir='ltr'><strong>nunc</strong></span> 
     </span>
     <span class='ocr_line' id='line_1_32' title="bbox 303 2721 1966 2777; baseline -0.001 -13"><span class='ocrx_word' id='word_1_239' title='bbox 303 2723 421 2774; x_wconf 59' lang='grc' dir='ltr'>ζῴηςἹ</span> <span class='ocrx_word' id='word_1_240' title='bbox 446 2723 556 2773; x_wconf 74' lang='grc' dir='ltr'>ζώοις</span> <span class='ocrx_word' id='word_1_241' title='bbox 575 2724 614 2762; x_wconf 97' lang='lat' dir='ltr'>V</span> <span class='ocrx_word' id='word_1_242' title='bbox 630 2724 665 2762; x_wconf 93' lang='lat' dir='ltr'>B</span> <span class='ocrx_word' id='word_1_243' title='bbox 676 2731 707 2774; x_wconf 84' lang='lat' dir='ltr'><em>p</em></span> <span class='ocrx_word' id='word_1_244' title='bbox 871 2725 951 2773; x_wconf 76' lang='lat'>716</span> <span class='ocrx_word' id='word_1_245' title='bbox 980 2726 1119 2777; x_wconf 77' lang='grc' dir='ltr'>νεκρόν</span> <span class='ocrx_word' id='word_1_246' title='bbox 1137 2725 1178 2777; x_wconf 82' lang='grc' dir='ltr'>γ’</span> <span class='ocrx_word' id='word_1_247' title='bbox 1200 2724 1239 2763; x_wconf 91' lang='lat' dir='ltr'>V</span> <span class='ocrx_word' id='word_1_248' title='bbox 1407 2735 1484 2771; x_wconf 90' lang='lat'>717</span> <span class='ocrx_word' id='word_1_249' title='bbox 1517 2725 1664 2773; x_wconf 82' lang='grc' dir='ltr'>σημεῖα</span> <span class='ocrx_word' id='word_1_250' title='bbox 1682 2722 1724 2774; x_wconf 80' lang='grc' dir='ltr'>γ’</span> <span class='ocrx_word' id='word_1_251' title='bbox 1745 2722 1774 2762; x_wconf 76' lang='grc' dir='ltr'><em>ὦ</em></span> <span class='ocrx_word' id='word_1_252' title='bbox 1795 2721 1966 2763; x_wconf 78' lang='grc' dir='ltr'>κάκιστε</span> 
     </span>
     <span class='ocr_line' id='line_1_33' title="bbox 302 2777 1968 2831; baseline -0.001 -13"><span class='ocrx_word' id='word_1_253' title='bbox 302 2778 416 2818; x_wconf 82' lang='grc' dir='ltr'>ταῦτ’</span> <span class='ocrx_word' id='word_1_254' title='bbox 457 2779 629 2830; x_wconf 82' lang='grc' dir='ltr'>ἀψυχίας</span> <span class='ocrx_word' id='word_1_255' title='bbox 671 2779 753 2818; x_wconf 92' lang='lat' dir='ltr'>LP</span> <span class='ocrx_word' id='word_1_256' title='bbox 886 2781 961 2827; x_wconf 83' lang='grc' dir='ltr'>τῆς</span> <span class='ocrx_word' id='word_1_257' title='bbox 1000 2782 1076 2827; x_wconf 84' lang='grc' dir='ltr'>σῆς</span> <span class='ocrx_word' id='word_1_258' title='bbox 1116 2778 1211 2831; x_wconf 76' lang='grc' dir='ltr'>(γ’)</span> <span class='ocrx_word' id='word_1_259' title='bbox 1253 2778 1526 2817; x_wconf 85' lang='lat' dir='ltr'><strong>Herwerden</strong></span> <span class='ocrx_word' id='word_1_260' title='bbox 1740 2777 1820 2825; x_wconf 23' lang='lat'><strong>7⁴18</strong></span> <span class='ocrx_word' id='word_1_261' title='bbox 1859 2778 1968 2816; x_wconf 75' lang='grc' dir='ltr'>οὔτοι</span> 
     </span>
     <span class='ocr_line' id='line_1_34' title="bbox 301 2828 1969 2886; baseline -0.002 -15"><span class='ocrx_word' id='word_1_262' title='bbox 301 2833 397 2885; x_wconf 82' lang='grc' dir='ltr'>πρὸς</span> <span class='ocrx_word' id='word_1_263' title='bbox 430 2832 542 2881; x_wconf 79' lang='grc' dir='ltr'>ἡμῶν</span> <span class='ocrx_word' id='word_1_264' title='bbox 574 2833 615 2885; x_wconf 72' lang='grc' dir='ltr'>’γ’</span> <span class='ocrx_word' id='word_1_265' title='bbox 645 2833 765 2872; x_wconf 90' lang='lat' dir='ltr'>VB:</span> <span class='ocrx_word' id='word_1_266' title='bbox 804 2835 890 2874; x_wconf 79' lang='grc' dir='ltr'>οὔτι</span> <span class='ocrx_word' id='word_1_267' title='bbox 918 2835 1016 2886; x_wconf 82' lang='grc' dir='ltr'>πρὸς</span> <span class='ocrx_word' id='word_1_268' title='bbox 1044 2835 1157 2884; x_wconf 85' lang='grc' dir='ltr'>ἡμῶν</span> <span class='ocrx_word' id='word_1_269' title='bbox 1187 2833 1219 2871; x_wconf 95' lang='lat' dir='ltr'><strong>L</strong></span> <span class='ocrx_word' id='word_1_270' title='bbox 1238 2832 1272 2871; x_wconf 91' lang='lat' dir='ltr'>P</span> <span class='ocrx_word' id='word_1_271' title='bbox 1487 2842 1565 2881; x_wconf 90' lang='lat'>725</span> <span class='ocrx_word' id='word_1_272' title='bbox 1606 2828 1744 2884; x_wconf 79' lang='grc' dir='ltr'>θάνῃς]</span> <span class='ocrx_word' id='word_1_273' title='bbox 1776 2833 1872 2879; x_wconf 86' lang='grc' dir='ltr'>θανῆ</span> <span class='ocrx_word' id='word_1_274' title='bbox 1900 2830 1969 2869; x_wconf 87' lang='lat' dir='ltr'>V:</span> 
     </span>
    </p>
   </div>
   <div class='ocr_carea' id='block_1_3' title="bbox 302 2884 1970 2991">
    <p class='ocr_par' dir='ltr' id='par_1_10' title="bbox 302 2884 1970 2991">
     <span class='ocr_line' id='line_1_35' title="bbox 303 2884 1970 2979; baseline 0 -53"><span class='ocrx_word' id='word_1_275' title='bbox 303 2886 472 2979; x_wconf 55' lang='grc' dir='ltr'>θοίνῗιὲῧ</span> <span class='ocrx_word' id='word_1_276' title='bbox 675 2889 753 2936; x_wconf 85' lang='lat'>726</span> <span class='ocrx_word' id='word_1_277' title='bbox 780 2887 895 2938; x_wconf 86' lang='grc' dir='ltr'>μέλει</span> <span class='ocrx_word' id='word_1_278' title='bbox 920 2888 952 2925; x_wconf 94' lang='lat' dir='ltr'><strong>L</strong></span> <span class='ocrx_word' id='word_1_279' title='bbox 970 2888 1003 2925; x_wconf 89' lang='lat' dir='ltr'>P</span> <span class='ocrx_word' id='word_1_280' title='bbox 1023 2902 1032 2927; x_wconf 69' lang='grc' dir='ltr'>ε</span> <span class='ocrx_word' id='word_1_281' title='bbox 1060 2888 1208 2939; x_wconf 82' lang='grc' dir='ltr'>μέλλει</span> <span class='ocrx_word' id='word_1_282' title='bbox 1227 2888 1270 2926; x_wconf 83' lang='lat' dir='ltr'>·V</span> <span class='ocrx_word' id='word_1_283' title='bbox 1286 2887 1321 2925; x_wconf 91' lang='lat' dir='ltr'>B</span> <span class='ocrx_word' id='word_1_284' title='bbox 1525 2899 1604 2936; x_wconf 89' lang='lat'>729</span> <span class='ocrx_word' id='word_1_285' title='bbox 1635 2884 1736 2936; x_wconf 82' lang='grc' dir='ltr'>κάμὲ</span> <span class='ocrx_word' id='word_1_286' title='bbox 1755 2885 1795 2924; x_wconf 95' lang='lat' dir='ltr'>V</span> <span class='ocrx_word' id='word_1_287' title='bbox 1811 2884 1846 2921; x_wconf 88' lang='lat' dir='ltr'>B</span> <span class='ocrx_word' id='word_1_288' title='bbox 1866 2898 1876 2923; x_wconf 71' lang='grc' dir='ltr'>ε</span> <span class='ocrx_word' id='word_1_289' title='bbox 1903 2885 1970 2926; x_wconf 75' lang='grc' dir='ltr'>καί</span> 
     </span>
     <span class='ocr_line' id='line_1_36' title="bbox 302 2958 408 2991; baseline -0.019 -11"><span class='ocrx_word' id='word_1_290' title='bbox 302 2958 350 2991; x_wconf 88' lang='grc' dir='ltr'>με</span> <span class='ocrx_word' id='word_1_291' title='bbox 395 2970 408 2978; x_wconf 76' lang='grc'>.</span> 
     </span>
    </p>
   </div>
  </div>
 </body>
</html>
