2118 3366
913 142 1358 192 ΕΥΡΙΠΙΔΟΥ

421 272 468 323 οἳ
497 271 541 322 δ’
571 272 759 336 ἀσθενῆ
789 273 882 337 μὲν
912 270 1026 323 τάπ’
1058 273 1177 337 ἐμοῦ
1206 274 1505 340 δεδορκότες,

421 354 659 421 σμικροὺς
688 357 743 406 δὲ
771 355 953 406 τούσδε
984 355 1063 406 καὶ
1092 355 1278 422 πατρὸς
1306 355 1632 422 τητωμένους,

419 437 533 490 τοὺς
564 438 861 504 κρείσσονας
892 436 1139 503 σέβοντες
1172 437 1451 508 ἐξείργουσι
1479 443 1588 506 γῆς.
1912 458 1961 498 25

421 521 519 587 ἐγὼ
551 523 604 572 δὲ
635 520 729 572 σὺν
760 521 1006 588 φεύγουσι
1038 523 1311 589 συμφεύγω
1339 521 1532 580 τέκνοις

423 604 500 655 καὶ
533 603 627 656 σὺν
658 609 817 658 κακῶς
846 604 1139 671 πράσσουσι
1170 605 1485 673 συμπράσσω
1518 613 1692 669 κακῶς,

421 690 581 740 ὀκνῶν
610 692 892 755 προδοῦναι,
925 687 992 753 μή
1023 710 1098 742 τις
1128 689 1212 740 ὧδ’
1244 691 1356 762 εἴπῃ
1388 696 1604 758 βροτῶν·

412 771 615 831 ”Ιδεσθ’,
651 771 820 837 ἐπειδὴ
852 772 1028 824 παισὶν
1059 773 1146 824 οὐκ
1176 772 1316 826 ἔστιν
1347 773 1522 841 πατήρ,

420 855 616 909 Ἰόλαος
646 856 731 907 οὐκ
761 855 915 921 ἤμυνε
946 857 1193 923 συγγενὴς
1222 858 1396 925 γεγώς.
1916 877 1967 917 30

420 940 586 1005 πάσης
617 943 671 992 δὲ
699 941 865 1008 χώρας
894 939 1144 995 Ἑλλάδος
1173 942 1459 1007 τητώμενοι,

422 1028 710 1092 Μαραθῶνα
739 1024 819 1075 καὶ
851 1025 1133 1092 σύγκληρον
1164 1027 1397 1080 ἐλθόντες
1427 1027 1588 1095 χθόνα

422 1108 577 1160 ἱκέται
608 1109 947 1173 καθεζόμεσθα
977 1110 1165 1174 βώμιοι
1194 1114 1334 1169 θεῶν,

423 1196 841 1260 προσωφελῆσαι·
889 1195 1035 1245 πεδία
1064 1195 1160 1260 γὰρ
1189 1198 1344 1259 τῆσδε
1373 1194 1555 1263 χθονὸς

422 1276 631 1330 δισσοὺς
662 1282 906 1328 κατοικεῖν
938 1277 1154 1342 Θησέως
1185 1282 1362 1332 παῖδας
1391 1279 1561 1345 λόγος,
1917 1296 1968 1337 35

424 1360 586 1430 κλήρῳ
619 1362 869 1428 λαχόντας
900 1363 954 1412 ἐκ
984 1360 1158 1428 γένους
1188 1363 1480 1421 Πανδίονος,

422 1445 580 1496 τοῖσδ’
613 1445 760 1512 ἐγγὺς
789 1447 949 1498 ὄντας·
996 1447 1065 1496 ῶν
1097 1446 1232 1497 ἕκατι
1261 1444 1501 1512 τέρμονας

424 1534 631 1581 κλεινῶν
661 1528 886 1593 Ἀθηνῶν
915 1529 1046 1580 τόνδ’
1078 1530 1378 1596 ἀφικόμεσθ’
1409 1531 1539 1596 ὅρον.

423 1616 557 1664 δυοῖν
588 1613 841 1680 γερόντοιν
872 1616 924 1665 δὲ
956 1618 1305 1680 στρατηγεΐται
1335 1613 1486 1680 φυγή·

423 1698 521 1764 ἐγὼ
551 1699 642 1762 μὲν
673 1697 802 1763 ἀμφὶ
831 1701 1002 1748 τοῖσδε
1034 1699 1317 1764 καλχαίνω]
1345 1697 1549 1758 τέκνοις,
1915 1716 1970 1755 40

422 1779 452 1844 ἢ
485 1781 525 1832 δ’
557 1781 616 1832 αὖ
646 1780 702 1831 τὸ
734 1784 856 1845 θῆλυ
889 1781 1061 1834 παιδὸς
1092 1780 1344 1846 Ἀλκμήνη
1378 1781 1521 1848 γένος

423 1865 585 1916 ἔσωθε
615 1870 733 1916 ναοῦ
763 1864 891 1915 τοῦδ’
921 1864 1329 1932 ὑπηγκαλισμένη

425 1946 583 2019 σῴζει·
630 1947 743 2001 νέας
775 1950 868 2015 γὰρ
900 1948 1170 2014 παρθένους
1200 1950 1466 2014 αἰδούμεθα
1503 1942 1506 1945 ,

423 2035 561 2102 ὄχλῳ
594 2032 825 2096 πελάζειν
857 2034 1360 2098 κᾶπιβωμιοστατεῖν.

414 2115 607 2170 ’Ὕλλος
639 2116 679 2168 δ’
711 2118 926 2183 ἀδελφοί
954 2117 998 2168 θ’
1031 2119 1133 2168 οῖσι
1162 2119 1438 2184 πρεσβεύει
1468 2117 1612 2185 γένος
1914 2134 1966 2172 45

426 2201 620 2265 ζητοῦσ’
651 2202 775 2253 ὅπου
805 2204 895 2268 γῆς
925 2201 1115 2268 πύργον
1146 2203 1443 2267 οἶκιούμεθα,

423 2281 484 2349 ἢν
514 2285 655 2349 τῆσδ’
689 2286 1034 2350 ἀπωθώμεσθα
1064 2286 1186 2352 πρὸς
1215 2288 1337 2351 βίαν
1367 2287 1565 2354 χθονός.

508 2367 546 2420 ὦ
576 2367 724 2420 τέκνα
753 2368 915 2428 τέκνα,
951 2374 1107 2436 δεῦρο,
1139 2370 1456 2436 λαμβάνεσθ’
1488 2372 1618 2435 ἐμῶν

425 2451 646 2504 πέπλων·
694 2454 787 2520 ὁρῶ
822 2452 1000 2520 κήρυκα
1029 2454 1159 2505 τόνδ’
1192 2452 1486 2520 Εὐρυσθέως

427 2536 676 2604 στείχοντ’
710 2537 791 2604 ἐφ’
823 2538 964 2602 ἡμᾶς,
998 2538 1053 2588 οὗ
1085 2537 1378 2603 διωκόμεσθ’
1409 2539 1503 2590 ὕπο
1914 2553 1967 2591 50

426 2619 592 2685 πάσης
623 2622 800 2685 ἀλῆται
831 2624 921 2687 γῆς
953 2622 1359 2688 ἀπεστερημένοι.

354 2749 404 2786 27
437 2735 667 2788 συμπάσχω
685 2736 719 2775 Ρ
866 2738 920 2785 36
949 2743 1047 2776 ante
1069 2749 1120 2787 35
1142 2738 1306 2776 traiecit
1326 2736 1618 2777 Wilamowitz
1765 2749 1817 2786 37
1849 2735 1965 2779 ὄντος

301 2791 472 2830 Dobree
677 2793 730 2840 38
770 2791 879 2832 τόνδ’
911 2791 946 2829 L
953 2798 1012 2842 p:
1051 2793 1168 2833 τῶνδ’
1201 2792 1264 2831 P:
1300 2792 1414 2839 τήνδ’
1446 2822 1457 2831 .
1488 2820 1500 2832 .
1529 2822 1539 2831 .
1575 2793 1668 2832 ὅδον
1699 2790 1959 2841 Stephanus.

301 2846 499 2885 Fortasse
519 2845 639 2887 τόνδε
660 2847 693 2886 θ’
711 2845 887 2896 ἱκόμεσθ’
1000 2860 1054 2896 40
1083 2846 1318 2897 χαλκαίνων
1335 2846 1369 2884 L
1382 2846 1416 2884 P
1437 2860 1446 2884 ε
1476 2858 1583 2885 corr.
1606 2846 1657 2897 lp
1767 2858 1820 2895 44
1850 2846 1963 2886 κάπι-

299 2904 602 2951 βωμιοστατεῖν
630 2906 875 2950 suspectum
896 2901 973 2939 sed
993 2901 1043 2939 cf.
1068 2900 1148 2939 alia
1168 2901 1298 2939 mirae
1318 2900 1640 2950 compositionis
1661 2900 1877 2948 vocabula,
1897 2913 1962 2938 vv.

303 2957 391 3003 161,
414 2966 493 3004 495
660 2957 713 3003 46
744 2953 932 3005 ζητοῦσιν
954 2955 987 2992 L
1001 2955 1034 2993 P
