2118 3366
964 152 1226 200 EKABH

387 279 449 347 ἢν
479 288 617 335 τοῖσι
643 287 855 335 πολλοῖς
886 280 1010 348 πρὸς
1039 280 1190 348 χάριν
1220 276 1404 346 λε’γητέ
1430 300 1495 330 τι.

390 368 514 433 ἀτὰρ
544 368 599 418 τί
621 366 680 430 δὴ
715 365 949 432 σόφισμα
977 363 1110 415 τοῦθ’
1140 364 1408 430 ἡγούμενοι

389 451 440 502 ἐς
470 448 618 514 τήνδε
647 453 800 501 παῖδα
826 452 1010 515 ψῆφον
1042 448 1232 514 ὥρισαν
1264 447 1447 514 φόνου;

389 534 575 600 πότερα
602 532 661 584 τὸ
690 535 819 600 χρῆν
850 531 944 599 σφ’
977 529 1190 598 ἐπήγαγ’
1223 531 1681 597 ἀνθρωποσφαγεῖν
1858 533 1938 573 260

387 616 513 684 πρὸς
539 616 749 682 τύμβον,
784 615 904 668 ἔνθα
931 618 1197 681 βουθυτεῖν
1226 618 1424 680 μᾶλλον
1455 605 1654 680 πρέπει;

389 696 421 765 ἢ
450 700 564 753 τοὺς
595 701 868 753 κτανόντας
900 701 1282 751 ἀνταποκτεῖναι
1312 697 1472 749 θέλων

388 786 441 839 ἐς
470 783 604 849 τήνδ’
635 783 905 852 Ἀχιλλεὺς
937 785 1140 836 ἐνδίκως
1170 784 1321 834 τείνει
1354 783 1538 849 φόνον;

390 868 507 920 ἀλλ’
539 868 681 920 οὐδὲν
713 866 861 920 αὐτὸν
891 868 979 932 ἥδε
1008 867 1056 935 γ’
1088 869 1351 934 εἴργασται
1383 867 1548 917 κακόν.

388 952 604 1018 Ἑλένην
635 973 713 1004 νιν
743 954 901 1004 αἰτεῖν
929 955 1056 1020 χρῆν
1087 949 1234 1020 τάφῳ
1268 948 1661 1017 προσφάγματα·
1861 951 1940 1002 265

392 1038 524 1102 κείνη
555 1039 651 1104 γὰρ
682 1035 877 1088 ὤλεσέν
907 1057 985 1087 νιν
1015 1037 1066 1088 ἐς
1094 1035 1280 1102 Τροίαν
1311 1034 1353 1084 τ’
1385 1033 1512 1101 ἄγει.

392 1123 434 1173 εἰ
463 1120 505 1172 δ’
537 1120 869 1189 αἰχμαλώτων
899 1118 997 1188 χρή
1030 1118 1123 1171 τιν’
1156 1119 1379 1185 ἔκκριτον
1411 1121 1578 1169 θανεῖν

394 1204 571 1257 κάλλει
600 1204 644 1256 θ’
674 1203 1075 1272 ὑπερφέρουσαν,
1109 1203 1204 1271 οὐχ
1233 1203 1369 1268 ἡμῶν
1399 1203 1528 1253 τόδε·

390 1289 420 1354 ἡ
450 1289 696 1355 Τυνδαρὶς
726 1290 822 1355 γὰρ
855 1289 984 1340 εἶδος
1016 1285 1410 1354 ἐκπρεπεστάτη,

392 1372 631 1424 ἀδικοῦσά
660 1372 704 1423 θ’
735 1373 874 1438 ἡμῶν
905 1373 1047 1424 οὐδὲν
1077 1371 1244 1436 ἧσσον
1274 1370 1468 1437 ηὑρέθη.
1861 1381 1943 1423 270

391 1462 458 1526 τῷ
487 1459 579 1522 μὲν
610 1457 778 1526 δικαίῳ
809 1455 942 1507 τόνδ’
974 1457 1260 1521 ἆμιλλῶμαι
1289 1455 1463 1522 λόγον·

392 1541 424 1592 ἃ
453 1541 495 1591 δ’
527 1542 806 1592 ἀντιδοῦναι
835 1544 914 1592 δεῖ
941 1539 991 1589 ‹r'
1023 1539 1332 1603 ἀπαιτούσης
1364 1540 1497 1603 ἐμοῦ,

393 1624 624 1676 ἄκουσον.
713 1625 831 1691 ἥψω
862 1627 949 1688 τῆς
981 1625 1119 1688 ἐμῆς,
1152 1623 1217 1676 ὡς
1248 1624 1363 1694 φῄς,
1398 1620 1546 1689 χερὸς

394 1709 472 1760 καὶ
504 1712 657 1773 τῆσδε
687 1710 863 1776 γραίας
894 1707 1215 1775 προσπίτνων
1248 1709 1500 1772 παρηίδος·

394 1792 710 1858 ἆνθάπτομαί
738 1814 832 1843 σου
862 1795 1018 1844 τῶνδε
1048 1794 1147 1842 τῶν
1179 1791 1339 1842 αὐτῶν
1370 1791 1467 1856 ἐγὼ
1857 1802 1939 1844 275

393 1876 542 1946 χάριν
575 1876 618 1927 τ’
651 1878 841 1929 ἀπαιτῶ
874 1876 964 1940 τὴν
995 1875 1097 1927 τόθ’
1131 1875 1328 1927 ἱκετεύω
1360 1873 1413 1925 τέ
1447 1896 1523 1932 σε,

393 1960 459 2026 μή
489 1982 581 2026 μου
613 1960 668 2011 τὸ
698 1959 871 2012 τέκνον
905 1962 957 2011 ἐκ
987 1965 1147 2028 χερῶν
1178 1958 1498 2030 ἀποσπάσῃς,

392 2048 516 2111 μηδὲ
548 2044 772 2110 κτάνητε·
820 2049 919 2095 τῶν
950 2044 1260 2108 τεθνηκότων
1290 2042 1419 2095 ἅλις.

392 2130 545 2201 ταύτῃ
576 2128 767 2197 γέγηθα
799 2126 1135 2193 κάπιλήθομαι
1168 2132 1345 2178 κακῶν·

398 2213 472 2279 ἥδ’
504 2213 613 2265 ἀντὶ
643 2218 850 2265 πολλῶν
883 2214 998 2264 ἐστί
1023 2233 1108 2277 μοι
1138 2209 1429 2279 παραψυχή,
1859 2212 1937 2253 280

395 2299 557 2357 πόλις,
592 2297 780 2363 τιθήνη,
814 2295 1052 2364 βάκτρον,
1086 2296 1284 2363 ἡγεμὼν
1316 2296 1444 2346 ὁδοῦ.

395 2382 453 2434 οὐ
481 2382 595 2435 τοὺς
628 2386 924 2448 κρατοῦντας
954 2380 1049 2449 χρὴ
1084 2384 1279 2446 κρατεῖν
1311 2379 1342 2430 ἃ
1370 2378 1435 2444 μὴ
1467 2377 1647 2446 χρεών,

395 2467 498 2518 οὐδ’
531 2467 857 2534 εὐτυχοῦντας
889 2465 941 2517 εὖ
972 2468 1136 2516 δοκεῖν
1167 2460 1372 2530 πράξειν
1405 2463 1496 2514 ἀεί·

325 2584 407 2623 260
434 2585 483 2624 τὸ
503 2586 608 2637 χρῆν
630 2583 756 2622 etiam
777 2587 832 2625 Σε
862 2583 911 2622 τὸ
932 2582 1013 2635 χρὴ
1036 2580 1187 2620 Nauck
1209 2581 1270 2631 (et
1293 2579 1370 2630 Fz)
1541 2578 1882 2631 ἆνθρωποκτονεΐν
1905 2576 1939 2616 Ρ

271 2637 438 2687 (errore
457 2651 514 2677 ex
533 2639 583 2686 Σ)
605 2651 700 2677 cum
723 2636 961 2685 Eustathi0‚
982 2647 1023 2686 p.
1054 2648 1161 2685 1179
1283 2636 1364 2682 263
1393 2633 1496 2674 τίνει
1518 2632 1560 2670 Μ
1575 2631 1615 2669 Α
1737 2633 1816 2680 265
1847 2648 1938 2685 προ-

271 2692 498 2746 σφάγματα
517 2692 551 2731 Ρ
565 2692 604 2731 O
622 2706 632 2734 ε
663 2690 914 2746 πρόσφαγμά
932 2707 973 2731 τι
994 2690 1033 2728 V
1050 2704 1059 2729 ε
1087 2689 1340 2743 πρόσφαγμα
1360 2687 1449 2727 rell.
1564 2687 1642 2734 267
1674 2686 1938 2737 αἰχμάλωτον

272 2745 414 2786 MVP
523 2748 604 2797 269
635 2745 945 2800 ἐκπρεπεστάτη
969 2745 1009 2783 Μ
1034 2759 1043 2783 :
1075 2742 1386 2798 εὐπρεπεστάτη
1408 2740 1470 2779 M2
1487 2740 1574 2781 rell.
1700 2752 1782 2789 270
1809 2738 1937 2788 ἧττον

270 2800 409 2841 AVP
583 2814 662 2851 274
692 2804 854 2854 γεραιᾶς
876 2800 995 2839 codd.
1016 2813 1025 2840 ε
1059 2812 1166 2838 corr.
1191 2798 1456 2837 Valckenaer
1585 2794 1792 2848 παρειάδος
1813 2795 1933 2834 codd.

273 2857 347 2904 (ex
365 2858 555 2911 παρηίδος
576 2863 619 2896 et
637 2855 845 2910 γενειάδος
865 2860 1017 2901 ortum,
1042 2861 1087 2894 ut
1106 2853 1214 2906 vid.)
1235 2866 1245 2891 ε
1277 2865 1386 2892 corr.
1411 2850 1640 2901 Byzantini
1767 2850 1848 2899 276
1875 2849 1935 2901 τ’]

269 2911 306 2951 δ’
329 2911 370 2951 Μ
558 2923 635 2961 277
666 2912 802 2964 χειρὸς
822 2910 883 2948 V:
917 2922 1066 2948 rasura
1086 2908 1130 2946 in
1153 2908 1187 2946 L
1371 2919 1452 2955 279
1483 2905 1566 2945 del.
1591 2905 1803 2954 Hartung.
1867 2904 1932 2943 Cf.

272 2964 347 3004 Or.
380 2967 446 3005 66.
510 2965 671 3005 Habuit
691 2965 772 3008 EV
795 2964 966 3015 (recens
991 2963 1222 3014 scholium>
1398 2963 1475 3000 281
1508 2959 1647 3011 πόλις]
1672 2960 1785 3000 ἐλπὶς
1813 2957 1938 2999 Prinz

272 3019 354 3058 282
373 3021 447 3061 τὸν
467 3023 693 3074 κρατοῦντα
713 3019 830 3059 Stob.
859 3030 948 3068 105.
972 3031 1026 3057 20
1192 3017 1272 3065 283
1300 3015 1498 3071 πράσσειν
1516 3015 1556 3054 V
