2118 3366
924 117 1367 166 ΕΥΡΙΠΙΔΟΥ

435 247 593 298 λείπω
622 244 887 312 μελάθρων
917 249 1072 298 τῶνδε
1102 243 1350 312 φιλτάτην
1380 243 1582 312 στέγην.

435 328 527 394 ἤδη
559 330 613 380 δὲ
641 329 784 380 τόνδε
815 328 1049 380 Θάνατον
1079 330 1260 396 εἰσορῶ
1290 328 1462 387 πέλας,

438 415 541 479 ἱερῆ
574 411 842 470 θανόντων,
875 413 931 465 ὅς
961 433 1039 463 νιν
1071 414 1142 465 εἰς
1162 410 1340 463 ’Ἃιδου
1369 413 1547 477 δόμους
1927 429 1979 470 25

437 495 614 560 μέλλει
646 494 891 559 κατάξειν·
940 494 1230 562 συμμέτρως
1260 494 1302 546 δ’
1335 495 1558 561 ἀφίκετο,

441 582 670 646 φρουρῶν
699 578 802 629 τόδ’
834 577 962 646 ἦμαρ
993 576 1030 648 ᾧ
1065 582 1231 630 θανεῖν
1261 577 1412 642 αὐτὴν
1442 579 1621 646 χρεών.

315 685 618 725 ΘΑΝΑΤΟΣ

523 761 554 811 ἆ
585 761 631 810 ἆ·

522 844 574 894 τί
601 843 663 894 σὺ
695 842 816 909 πρὸς
846 842 1137 909 μελάθροις,·
1185 844 1236 894 τί
1262 842 1326 894 σὺ
1355 848 1471 915 τῇδε
1502 848 1689 902 πολεῖς,

526 927 702 991 Φοῖβ’,·
751 929 933 980 ἀδικεῖς
964 927 1024 978 αὖ
1054 929 1198 992 τιμὰς
1229 925 1411 993 ἐνέρων
1930 944 1983 986 30

525 1011 880 1077 ἀφοριζόμενος
912 1012 989 1062 καὶ
1023 1011 1339 1070 καταπαύων;

524 1095 610 1145 οὐκ
639 1093 821 1161 ἤρκεσέ
852 1116 935 1145 σοι
964 1095 1117 1160 μόρον
1147 1093 1393 1159 Ἀδμήτου

524 1182 842 1236 διακωλῦσαι,
878 1180 1071 1245 Μοίρας
1101 1179 1250 1248 δολίῳ

528 1261 785 1328 σφήλαντι
815 1262 990 1334 τέχνῃ;
1039 1267 1126 1314 νῦν
1157 1262 1199 1314 δ’
1232 1263 1311 1314 ἐπὶ
1341 1263 1429 1334 τῇδ
1477 1263 1539 1315 αὖ

525 1345 650 1413 χέρα
679 1343 859 1412 τοξήρη
893 1351 1123 1413 φρουρεῖς
1155 1347 1386 1405 ὁπλίσας,
1933 1365 1983 1405 35

526 1429 555 1494 ἢ
587 1430 686 1481 τόδ’
717 1429 906 1494 ὑπέστη
938 1431 1091 1482 πόσιν
1121 1431 1360 1482 ἐκλύσασ’

611 1514 730 1577 αὐτὴ
762 1518 1027 1581 προθανεῖν
1055 1503 1247 1566 Πελίου
1279 1519 1410 1568 παῖς.

321 1601 414 1649 Απ.
442 1596 632 1664 θάρσει·
681 1599 820 1662 δίκην
851 1620 927 1649 τοι
958 1599 1037 1649 καὶ
1067 1600 1249 1665 λόγους
1282 1598 1478 1652 κεδνοὺς
1510 1598 1627 1667 ἔχω.

319 1686 417 1733 Θα.
442 1684 495 1733 τί
520 1686 642 1746 δῆτα
671 1680 831 1745 τόξων
862 1682 1023 1749 ἔργον,
1059 1685 1100 1734 εἰ
1132 1685 1271 1747 δίκην
1302 1682 1457 1750 ἔχεις;

320 1770 417 1818 Απ.
445 1766 655 1830 σύνηθες
686 1766 781 1817 αἰεὶ
811 1771 962 1817 ταῦτα
993 1766 1267 1831 βαστάζειν
1301 1769 1425 1831 ἐμοί.
1934 1786 1987 1824 40

321 1854 419 1901 Θα.
448 1851 525 1901 καὶ
555 1849 727 1901 τοῖσδέ
756 1850 802 1916 γ’
833 1852 986 1903 οἴκοις
1019 1853 1220 1904 ἐκδίκως
1251 1857 1621 1918 προσωφελεῖν.

319 1938 416 1985 Απ.
443 1936 596 2000 φίλου
625 1936 721 2001 γὰρ
753 1934 927 2001 ἀνδρὸς
960 1941 1242 2001 συμφοραῖς
1272 1935 1567 2001 βαρύνομαι.

321 2022 419 2069 Θα.
447 2019 525 2069 καὶ
556 2023 784 2084 νοσφιεῖς
813 2041 874 2083 με
904 2023 1045 2070 τοῦδε
1075 2018 1299 2085 δευτέρου
1331 2024 1526 2085 νεκροῦ,·

321 2106 418 2153 Απ.
445 2101 560 2153 ἀλλ’
592 2102 692 2153 οὐδ’
725 2104 914 2154 ἐκεῖνον
944 2102 1067 2169 πρὸς
1097 2104 1218 2168 βίαν
1249 2103 1298 2153 σ’
1332 2105 1629 2170 ἀφειλόμην.

323 2190 420 2237 Θα.
446 2191 549 2238 πῶς
580 2187 664 2237 οὖν
693 2188 815 2252 ὑπὲρ
846 2190 938 2252 γῆς
968 2189 1078 2238 ἐστι
1111 2187 1196 2238 κού
1227 2187 1357 2238 κάτω
1388 2188 1594 2254 χθονός,·
1935 2203 1988 2244 45

322 2274 420 2322 Απ.
445 2269 646 2336 δάμαρτ’
678 2271 910 2337 ἀμείψας,
943 2269 1004 2334 ἣν
1037 2271 1099 2322 σὺ
1132 2276 1218 2322 νῦν
1247 2271 1383 2335 ἥκεις
1411 2270 1551 2336 μέτα.

325 2357 422 2405 Θα.
451 2352 734 2419 κάπάξομαί
758 2376 817 2421 γε
846 2353 1086 2421 νερτέρων
1118 2354 1213 2406 ὑπὸ
1243 2356 1417 2422 χθόναε

325 2441 421 2489 Απ.
446 2439 625 2503 λαβὼν
654 2439 734 2490 ἴθ’·
781 2439 838 2490 οὐ
867 2440 962 2505 γὰρ
994 2438 1084 2490 οἶδ’
1114 2438 1174 2490 ἂν
1206 2441 1249 2490 εἰ
1279 2440 1512 2503 πείσαιμί
1537 2460 1611 2490 σε.

328 2525 424 2573 Θα.
452 2524 659 2574 κτείνειν
689 2522 736 2589 γ’
767 2521 824 2574 ὃν
854 2522 915 2574 ἂν
945 2524 1042 2594 χρῇ
1051 2544 1067 2582 ;
1114 2528 1258 2574 τοῦτο
1287 2525 1381 2590 γὰρ
1412 2521 1705 2589 τετάγμεθα.

380 2652 432 2688 23
469 2643 597 2680 τῶνδε
631 2639 839 2692 φιλτάτην
868 2645 900 2683 Σ
933 2639 1108 2690 Hippol.
1143 2653 1269 2690 1437:
1314 2639 1436 2689 τήνδε
1470 2638 1678 2691 φιλτάτην
1712 2639 1818 2680 LP:
1863 2643 1990 2681 τῶνδε

325 2693 537 2744 φιλτάτων
549 2693 587 2732 V
601 2694 636 2732 B
748 2696 803 2732 26
818 2693 1053 2747 συμμέτρως
1068 2694 1193 2733 LVB
1208 2699 1256 2738 Σῑ
1272 2693 1496 2747 σύμμετρος
1511 2693 1546 2731 Ρ
1656 2695 1710 2732 28
1726 2695 1988 2745 ΘΑΝΑΤΟΣ]

324 2755 498 2789 ΧΑΡΩΝ
516 2749 549 2786 Ρ
564 2749 646 2800 hic,
668 2755 711 2788 et
726 2749 979 2799 plerumque
996 2749 1102 2798 (θαν.
1119 2763 1184 2789 νν.
1201 2762 1267 2799 39,
1287 2751 1371 2799 72).
1419 2748 1482 2787 Cf.
1501 2748 1786 2787 Personarum
1802 2748 1990 2788 indicem

325 2816 379 2852 29
413 2803 455 2843 τί
484 2819 548 2843 σοι
577 2804 617 2841 V
793 2816 842 2854 31
875 2816 956 2842 om.
992 2803 1049 2843 P:
1092 2804 1176 2843 del.
1211 2804 1361 2843 Nauck
1475 2804 1686 2851 (ἀποσπῶν
1715 2802 1911 2855 ἀφορίζων
1938 2805 1988 2853 Σ)

324 2870 377 2906 34
408 2858 629 2907 σφήλαντα
647 2858 773 2898 Earle
883 2859 938 2907 36
963 2858 1069 2909 τόδ’]
1089 2858 1270 2898 sortasse
1284 2857 1372 2899 τόθ’
1481 2870 1534 2907 37
1565 2858 1666 2906 αὐτὴ
1684 2857 1769 2896 ΒΟ
1782 2858 1844 2896 D:
1865 2857 1991 2906 αὐτὴν

327 2912 459 2950 LPV
567 2914 622 2962 38
649 2930 713 2953 τοι
732 2913 820 2951 VB
839 2926 849 2951 t
882 2930 930 2953 τε
952 2913 985 2951 L
1000 2913 1034 2951 P
1144 2927 1199 2962 40
1228 2913 1304 2955 αἰεὶ
1325 2913 1388 2951 L:
1418 2912 1478 2953 ἀεὶ
1497 2911 1584 2950 VB
1600 2911 1634 2950 P
1744 2924 1794 2962 41
1828 2911 1990 2953 ἐνδίκως

325 2965 444 3064 313a
490 2981 633 3062 Lpff
662 2967 916 3015 fitavvssl:
953 2967 1026 3015 βία
1047 2967 1129 3006 LP
1285 2979 1337 3017 47
1367 2967 1554 3021 νερτέρων
1575 2965 1639 3005 Pl
1799 2979 1854 3015 49
1880 2965 1991 3018 ’γίν

383 3036 393 3062 1
447 3039 469 3064 ν
