2118 3366
891 149 1333 199 ΕΥΡΙΠΙΔΟΥ

397 277 546 342 ἀκτῆς
576 278 911 344 ὑπερτείνασα
940 281 1145 333 ποντίας
1174 281 1318 341 πόδα,

394 363 529 412 δυοῖν
559 382 615 412 τε
644 362 842 414 παίδοιν
867 363 1168 415 συνθανοῦσ’
1201 365 1496 417 ἀπόλλυται.

477 445 531 495 τί
555 443 658 508 δῆτ’
690 445 775 496 οὖν
805 443 989 512 γένοιτ’
1020 444 1081 498 ἂν
1112 446 1186 499 ἔτι
1217 449 1402 509 δεινόν,·
1455 446 1494 500 ὦ
1835 468 1941 519 1290

477 533 721 593 γυναικῶν
751 526 906 597 λέχος

396 611 695 672 πολύπονον,
730 614 830 664 ὅσα
859 618 1063 679 βροτοῖς
1093 613 1265 681 ἔρεξας
1294 614 1385 679 ἤδη
1420 614 1558 668 κακά.

271 780 340 828 Ια.
394 781 636 844 γυναῖκες,
670 778 720 831 αἳ
751 780 893 844 τῆσδ’
925 780 1075 846 ε’γγὺς
1105 780 1286 833 ἕστατε
1318 781 1516 849 στέγης,

393 861 468 928 ἆρ’
499 865 553 914 ἐν
584 863 812 928 δόμοισιν
842 864 871 928 ἡ
903 865 963 914 τὰ
995 863 1113 915 δείν’
1145 863 1448 931 εἰργασμένη

394 945 590 1010 Μήδεια
618 947 776 998 τοῖσδ’
807 947 891 1007 ἔτ’,
924 943 954 1011 ἢ
985 945 1290 1013 μεθέστηκεν
1321 956 1481 1021 φυγῆς
1833 970 1936 1011 1295

393 1033 471 1081 δεῖ
497 1029 590 1096 γάρ
622 1052 699 1082 νιν
730 1030 837 1095 ἤτοι
869 1035 961 1098 γῆς
991 1053 1051 1098 γε
1083 1036 1359 1099 κρυφθῆναι
1391 1032 1536 1094 κάτω,

392 1109 421 1177 ἢ
452 1114 638 1178 πτηνὸν
669 1115 783 1180 ἆραι
814 1115 940 1180 σῶμ’
975 1118 1024 1169 ἐς
1056 1114 1249 1183 αἰθέρος
1278 1115 1453 1182 βάθος,

394 1199 435 1249 εἰ
464 1197 530 1263 μὴ
561 1198 811 1265 τυράννων
843 1200 1070 1264 δώμασιν
1102 1200 1253 1252 δώσει
1284 1202 1437 1265 δίκην·

392 1281 588 1334 πέποιθ’
619 1284 960 1334 ἀποκτείνασα
994 1282 1248 1350 κοιράνους
1277 1284 1461 1352 χθονὸς

392 1367 551 1436 ἀθῷος
581 1366 701 1430 αὐτὴ
734 1372 887 1419 τῶνδε
921 1365 1198 1434 φεύξεσθαι
1228 1369 1416 1433 δόμων;
1833 1389 1938 1429 1300

394 1449 509 1500 ἀλλ’
542 1450 597 1501 οὐ
628 1453 721 1518 γὰρ
755 1452 903 1516 αὐτῆς
936 1451 1158 1518 φροντίδ’
1191 1452 1255 1505 ὡς
1285 1452 1469 1505 τέκνων
1501 1454 1619 1522 ἔχω·

394 1535 556 1598 κείνην
585 1537 676 1599 μὲν
707 1535 791 1588 οὓς
822 1536 1033 1601 ἔδρασεν
1066 1534 1295 1602 ἔρξουσιν
1326 1542 1501 1596 κακῶς,

392 1620 523 1683 ἐμῶν
554 1621 608 1670 δὲ
638 1621 827 1670 παίδων
859 1619 1016 1684 ἦλθον
1049 1617 1287 1689 ἐκσῴσων
1317 1621 1450 1685 βίον,

390 1701 456 1767 μή
487 1703 576 1767 μοί
601 1724 649 1753 τι
679 1702 902 1769 δράσωσ’
935 1706 979 1755 οἱ
1013 1702 1349 1769 προσήκοντες
1379 1704 1528 1771 γένει,

389 1792 616 1856 μητρῷον
650 1786 1021 1854 ἐκπράσσοντες
1054 1789 1260 1839 ἀνόσιον
1292 1789 1468 1855 φόνον.
1832 1807 1934 1847 1305

267 1874 356 1922 Χο.
390 1868 427 1920 ὦ
458 1874 663 1935 τλῆμον,
699 1871 783 1922 οὐκ
816 1871 945 1922 οἶσθ’
978 1872 1027 1922 οῗ
1057 1877 1216 1923 κακῶν
1250 1871 1512 1935 ἐλήλυθας,

391 1954 577 2006 Ἰἃσον·
625 1955 681 2006 οὐ
711 1957 805 2022 γὰρ
836 1955 1005 2006 τούσδ’
1034 1955 1094 2006 ἃν
1128 1954 1355 2023 ἐφθέγξω
1386 1957 1583 2023 λόγους.

268 2043 338 2089 Ια.
392 2039 444 2090 τί
470 2038 511 2089 δ’
546 2039 709 2099 ἔστιν,·
758 2038 788 2103 ἧ
819 2061 911 2091 που
943 2038 1055 2104 κᾶμ’
1090 2041 1377 2091 ἀποκτεῖναι
1409 2039 1569 2100 θέλει;

265 2127 356 2173 Χο.
390 2126 560 2175 παῖδες
590 2126 796 2174 τεθνᾶσι
826 2124 956 2191 χειρὶ
988 2121 1183 2193 μητρῴᾳ
1214 2123 1379 2176 σέθεν.

268 2211 339 2258 Ια.
393 2208 523 2272 οἴμοι
554 2207 605 2258 τί
629 2206 815 2271 λέξεις;
863 2208 928 2261 ὥς
959 2207 1008 2272 μ’
1042 2209 1324 2267 ἀπώλεσας,
1358 2209 1519 2276 γύναι.
1833 2227 1936 2267 1310

293 2355 295 2359 .
323 2325 429 2372 1289
466 2341 513 2364 τε
542 2323 714 2363 AVB:
752 2323 798 2365 δὲ
829 2324 887 2363 P:
932 2326 980 2374 δὴ
1013 2325 1047 2363 L
1197 2326 1426 2377 ξυνθανοῦσ’
1459 2326 1492 2364 L
1701 2338 1808 2376 1290
1846 2327 1936 2376 δῆτ’

267 2377 482 2428 Elmsley:
532 2378 580 2426 δή
620 2379 713 2419 ποτ’
748 2380 873 2420 codd.
1090 2392 1190 2429 1291
1233 2380 1360 2432 λέχος
1397 2379 1629 2422 πολύπονον
1664 2385 1867 2432 ’γυναικῶν
1897 2382 1936 2420 V

269 2445 372 2482 1292
403 2434 480 2474 ὅσα
500 2435 547 2483 δὴ
568 2434 634 2471 V:
665 2434 772 2475 ὅσσα
792 2435 840 2482 δὴ
861 2433 901 2472 Α
916 2434 951 2472 Β
966 2434 1000 2472 L
1017 2434 1050 2472 P
1069 2449 1078 2473 :
1109 2447 1215 2474 corr.
1240 2434 1413 2474 Seidler
1589 2447 1692 2485 1295
1722 2437 1854 2477 τοῖσδ’
1876 2436 1934 2477 ἔτ’

267 2487 470 2537 Hartung
488 2501 498 2527 ε
524 2487 667 2529 τοῖσδέ
682 2488 723 2540 γ’
744 2488 784 2526 Α
798 2490 835 2527 V
850 2488 884 2526 B
905 2504 913 2528 :
943 2492 1078 2530 τοῖσιν
1101 2489 1134 2527 L
1150 2489 1183 2527 P
1206 2489 1333 2540 (τοῖσί
1350 2490 1393 2541 7’
1414 2489 1455 2541 v)
1606 2491 1712 2540 1296
1742 2494 1826 2531 δεῖν
1843 2489 1884 2529 Α
1899 2491 1934 2529 Β

265 2546 342 2594 γῆς
355 2557 407 2595 ’γε
423 2542 636 2593 Elmsley:
657 2544 735 2595 γῆς
749 2552 829 2595 σφε
846 2545 967 2582 codd.
986 2550 1029 2582 et
1046 2550 1189 2582 tuetur
1203 2544 1385 2592 Verrall,
1401 2545 1451 2583 cl.
1468 2557 1506 2583 v.
1530 2546 1633 2594 1365
1651 2550 1761 2584 not.:
1781 2548 1846 2585 δεῖ
1856 2545 1936 2598 ’γὰρ

266 2600 391 2638 τανῦν
404 2598 429 2646 ἢ
444 2600 523 2648 γῆς
537 2612 583 2638 σε
601 2601 793 2650 κρυβῆναι
810 2598 920 2639 κάτω
937 2599 1036 2638 Chr.
1054 2599 1142 2636 Pat.
1161 2599 1239 2637 281
1358 2611 1459 2647 1297
1483 2599 1592 2651 ἆραι]
1609 2600 1682 2651 ἄρα
1698 2605 1934 2639 correctum

267 2652 310 2690 in
340 2651 413 2703 ἆρα
441 2652 481 2690 Α
610 2652 751 2704 βάθος]
786 2653 964 2705 πτύχαις
998 2653 1095 2706 (sic)
1127 2666 1339 2703 suprascr.
1369 2653 1433 2692 V¹.
1496 2654 1559 2693 Cf.
1596 2653 1697 2693 Hel.
1727 2655 1820 2704 607,
1856 2654 1931 2696 Or.

271 2708 387 2755 1631,
416 2708 521 2756 1636
717 2708 821 2757 1298
863 2710 899 2748 εἷ
917 2708 991 2760 μὴ]
1015 2707 1041 2755 ἧ
1061 2709 1142 2758 μὴν
1160 2708 1332 2746 videtur
1351 2708 1537 2747 voluisse
1559 2722 1585 2747 v
1604 2714 1646 2747 et
1667 2711 1702 2750 εἰ
1721 2708 1767 2747 in.
1788 2720 1935 2748 rasura

269 2760 357 2799 AB
378 2761 565 2800 habent:
601 2763 638 2802 εἰ
661 2761 729 2812 μή,
753 2762 878 2800 A1B²
900 2767 1108 2801 commate
1139 2763 1283 2801 addito
1450 2763 1591 2814 δώσει]
1616 2765 1652 2804 εἰ
1676 2764 1750 2816 ἄρα
1768 2762 1934 2804 πέποιθε

267 2816 322 2866 μὴ
352 2816 497 2857 δώσειν
524 2822 579 2860 Στ
623 2830 662 2856 v.
694 2816 804 2855 infra
1015 2830 1121 2866 1299
1161 2816 1366 2870 κοιράνους
1397 2816 1556 2856 LPB:
1601 2817 1816 2871 τυράννους
1844 2817 1935 2855 AV

272 2884 378 2920 1300
409 2871 551 2911 multis
579 2871 748 2910 videtur
775 2876 806 2914 Σ
836 2870 1025 2924 φεύξεται
1054 2872 1269 2918 habuisse,
1297 2876 1455 2921 puncto
1485 2885 1571 2910 non
1602 2877 1702 2911 ante
1731 2872 1806 2911 sed
1836 2877 1934 2921 post

272 2924 422 2966 πέποιθ’
445 2927 599 2976 posito.
657 2926 722 2965 Cf.
748 2931 838 2964 not.
861 2924 915 2964 ad
940 2927 1044 2976 1298
1233 2939 1338 2975 1302
1368 2925 1548 2979 ἔρξουσιν
1567 2925 1607 2964 Α
1622 2926 1719 2965 Lv:
1752 2924 1934 2979 ἕρξουσιν

271 2979 307 3018 V
322 2981 355 3018 Β
372 2981 404 3018 Ρ
569 3011 571 3014 s
627 2993 731 3030 1303
763 2983 940 3021 ἐκσῶσαι
955 2987 986 3032 p
1211 2992 1314 3029 1304
1341 2979 1428 3032 μοι]
1453 2996 1515 3022 νιν
1535 2980 1725 3031 Elmsley
