2118 3366
922 112 1358 162 ΕΥΡΙΠΙΔΟΥ

304 244 379 291 Σι.
431 243 644 307 φροῦδος
673 243 797 308 πρὸς
827 241 983 312 Αἴτνῃ
1017 242 1167 308 θῆρας
1198 241 1408 309 ἰχνεύων
1438 241 1596 293 κυσίν.
1888 259 1908 290 ι
1917 259 1968 300 30

304 325 396 374 Οδ.
427 321 559 375 οἶσθ’
590 323 676 376 οῦν
707 322 734 376 ὃ
764 327 964 390 δρᾶσον,
1001 323 1066 377 ὣς
1097 323 1383 391 ἆπαίρωμεν
1411 325 1617 392 χθονός,·

304 408 378 457 Σι.
427 405 514 458 οὐκ
542 405 650 467 οἶδ’,
683 406 950 459 Ὀδυσσεῦ·
998 410 1099 459 πᾶν
1129 406 1184 458 δέ
1213 428 1299 459 σοι
1328 405 1548 478 δρῴημεν
1577 407 1654 460 ἄν.

303 492 395 541 Οδ.
426 490 610 555 ὅδησον
637 491 755 556 ἡμῖν
785 495 943 549 σῖτον,
977 490 1032 541 οὗ
1063 490 1380 556 σπανίζομεν.

305 576 378 625 Σι.
427 571 514 625 οὐκ
545 574 701 634 ἔστιν,
733 575 905 642 ὥσπερ
936 574 1093 634 εἶπον,
1125 573 1255 625 ἄλλο
1286 574 1421 639 πλὴν
1453 573 1614 642 κρέας.

298 659 395 714 ,Οδ.
444 656 559 708 ἀλλ’
588 657 678 722 ἡδὺ
706 663 855 723 λιμοῦ
879 659 964 710 καὶ
995 658 1107 709 τόδε
1138 656 1422 726 σχετήριον.
1874 670 1969 714 v135

304 744 378 791 Σι.
428 740 508 791 καὶ
537 740 680 807 τυρὸς
709 742 854 795 ὀπίας
882 740 992 792 ἔστι
1024 741 1102 792 καὶ
1131 741 1257 806 βοὸς
1285 741 1436 809 γάλα.

303 827 393 875 Οδ.
427 823 679 891 ἐκφέρετε·
726 830 833 892 φῶς
864 826 958 891 γὰρ
991 823 1342 890 ἐμπολήμασιν
1371 824 1564 892 πρέπει.

303 911 378 959 Σι.
429 906 493 959 σὺ
524 907 565 959 δ’
595 908 898 968 ἀντιδώσεις,
932 907 1041 961 εἶπέ
1067 930 1168 974 μοι,
1200 908 1390 976 χρυσὸν
1419 909 1606 970 πόσους

303 995 393 1043 Οδ.
427 992 483 1043 οὐ
514 992 719 1060 χρυσόν,
750 993 886 1044 ἀλλὰ
916 997 1062 1058 πῶμα
1094 993 1344 1045 Διονύσου
1374 992 1527 1060 φέρω.

297 1079 377 1126 ιΣι.
427 1073 465 1126 ὦ
497 1075 710 1142 φίλτατ’,’
729 1076 896 1136 εἰπών,
932 1077 989 1127 οὗ
1015 1078 1319 1142 σπανίζομεν
1351 1075 1523 1128 πάλαι.
1891 1093 1970 1133 140

303 1162 395 1210 Οδ.
429 1159 508 1211 καὶ
537 1158 635 1225 μὴν
666 1159 856 1227 Μάρων
885 1182 970 1226 μοι
1000 1161 1127 1226 πῶμ’
1158 1161 1324 1220 ἔδωκε,
1359 1165 1474 1215 παῖς
1505 1164 1633 1212 θεοῦ.

304 1247 377 1294 Σι.
427 1241 484 1295 ὃν
514 1242 766 1311 ἐξέθρεψα
793 1244 956 1296 ταῖσδ’
986 1245 1083 1312 ἐγώ
1115 1245 1221 1297 ποτ’
1253 1244 1519 1312 ἀγκάλαις,·

303 1330 395 1378 Οδ.
428 1327 455 1377 ὁ
486 1329 705 1395 Βακχίου
734 1334 865 1388 παῖς,
901 1329 966 1383 ὣς
998 1328 1315 1397 σαφέστερον
1345 1328 1520 1401 μάθῃς.

304 1415 376 1461 Σι.
428 1413 481 1463 ἐν
512 1410 765 1477 σέλμασιν
795 1414 917 1467 νεώς
951 1415 1105 1472 ἐστιν,
1139 1409 1169 1477 ἢ
1202 1412 1370 1481 φέρεις
1400 1413 1465 1464 σύ
1494 1433 1595 1474 νιν,·

303 1497 394 1546 Οδ.
428 1494 497 1546 ὅδ’
528 1496 698 1556 ἀσκός,
732 1495 787 1550 ὃς
819 1497 976 1549 κεύθει
1007 1518 1101 1550 νιν·
1149 1497 1214 1550 ὡς
1244 1498 1375 1567 ὁρᾷς,
1407 1496 1570 1564 γέρον.
1893 1511 1972 1564 145

305 1582 378 1629 Σι.
429 1579 571 1633 οὗτος
599 1582 695 1645 μὲν,
722 1580 821 1633 οὐδ’
852 1581 913 1632 ἂν
943 1580 1034 1646 τὴν
1065 1580 1249 1648 γνάθον
1280 1579 1492 1645 πλήσειέ
1518 1602 1630 1646 μου.

304 1665 393 1714 Οδ.
426 1663 523 1715 ναί·

428 1747 501 1801 δὶς
532 1744 671 1815 (γὰρ)
702 1749 858 1802 τόσον
888 1749 1015 1815 πῶμ’
1046 1749 1169 1801 ὅσον
1199 1748 1259 1801 ἂν
1290 1747 1349 1814 ἐξ
1373 1750 1530 1800 ἀσκοῦ
1557 1749 1664 1822 ῥυῇ.

305 1834 378 1882 Σι.
429 1830 587 1897 καλήν
617 1854 676 1899 γε
707 1831 889 1901 κρήνην
920 1834 1060 1887 εἶπας
1089 1833 1259 1898 ἡδεῖάν
1289 1833 1330 1884 τ’
1365 1834 1488 1899 ἐμοί.

303 1918 393 1966 Οδ.
429 1915 594 1987 βούλῃ
627 1939 688 1969 σε
716 1918 882 1984 γεύσω
914 1922 1107 1985 πρῶτον
1136 1917 1347 1984 ἄκρατον
1375 1917 1521 1983 μέθυ,·

305 2003 379 2049 Σι.
427 1999 630 2055 δίκαιον·
677 1999 708 2066 ἥ
737 2003 833 2068 γὰρ
862 2006 1021 2068 γεῦμα
1050 2001 1140 2066 τὴν
1171 2001 1301 2067 ὠνὴν
1335 2007 1490 2054 καλεῖ.
1896 2016 1974 2056 150

304 2086 394 2133 Οδ.
430 2084 507 2136 καὶ
536 2084 634 2150 μὴν
665 2085 863 2152 ἐφέλκω
896 2086 975 2138 καὶ
1006 2085 1178 2152 ποτῆρ’
1209 2087 1367 2137 ἀσκοῦ
1395 2085 1535 2151 μέτα.

304 2170 379 2218 Σι.
418 2166 530 2235 φέρ’
563 2168 854 2234 ἐκπάταξον,
889 2169 953 2223 ὡς
985 2170 1286 2236 ἀναμνησθῶ
1318 2171 1461 2222 πιών.

304 2253 395 2302 Οδ.
430 2251 548 2304 ἰδού.
724 2257 797 2305 Σι.
888 2253 1126 2319 παπαιάξ,
1162 2254 1227 2308 ὡς
1260 2253 1418 2319 καλὴν
1449 2252 1611 2319 ὀσμὴν
1642 2254 1762 2322 ἔχει.

304 2338 395 2386 Οδ.
429 2335 554 2389 εἶδες
576 2339 669 2404 γὰρ
690 2336 863 2402 αὐτήν,·
1024 2342 1098 2390 Σι.
1175 2338 1232 2390 οὐ
1254 2340 1323 2403 μᾶ
1349 2337 1452 2397 Δί’,
1475 2337 1590 2389 ἀλλ’
1614 2338 1973 2405 ὀσφραίνομαι.

304 2421 395 2470 Οδ.
428 2422 608 2486 γεῦσαί
616 2442 737 2481 νυν,
770 2422 835 2476 ὡς
865 2421 924 2474 ἂν
954 2422 1019 2487 μὴ
1053 2423 1189 2492 λόγῳ
1222 2422 1416 2495 ’παινῇς
1446 2422 1614 2487 μόνον.
1895 2436 1973 2476 155

362 2549 439 2587 130
468 2540 620 2587 Αἴτνην
642 2539 804 2579 Reiske
1039 2553 1112 2590 131
1146 2543 1295 2593 δρᾶσον
1321 2540 1492 2590 Canter,
1527 2539 1577 2581 cf.
1607 2538 1748 2580 Schol.
1779 2539 1832 2578 ad
1860 2537 1974 2578 Med.

303 2593 409 2631 600:
443 2592 600 2645 δράσεις
623 2593 656 2632 L
674 2594 708 2632 P
821 2594 1032 2649 ἇπάρωμεν
1046 2596 1274 2634 Wecklein
1427 2608 1504 2644 132
1525 2593 1724 2648 δρῷημεν]
1746 2596 1976 2646 συνδρῷμεν

306 2646 466 2686 Dawes
663 2649 742 2699 136
770 2650 888 2701 βοὸς]
911 2651 1008 2691 Διὸς
1038 2651 1137 2689 citat
1157 2651 1257 2689 Ath.
1286 2649 1371 2689 xiv.
1396 2649 1551 2699 658C:
1590 2650 1688 2690 πυὸς
1709 2646 1761 2687 G.
1787 2648 1843 2687 R.
1867 2646 1974 2686 Hol-

300 2700 402 2740 land
528 2714 603 2753 144
634 2703 839 2756 σέλμασιν
861 2704 1067 2744 Dindorf:
1101 2703 1278 2755 σέλμασι
1301 2705 1334 2743 L
1349 2704 1383 2743 P
1497 2715 1573 2753 145
1604 2701 1728 2744 ἀσκός
1750 2702 1844 2749 LP,
1865 2713 1975 2743 corr.

305 2754 627 2808 Radermacher
787 2761 839 2801 ὡς
860 2759 975 2812 ὁρᾷς]
999 2760 1159 2813 εἰσορᾷς
1180 2759 1332 2798 Nauck
1494 2770 1570 2807 147
1599 2758 1678 2811 ὙὰΡ
1698 2756 1870 2808 addidi:
1899 2756 1975 2795 sed

304 2808 486 2850 fortasse
507 2825 584 2862 pro
601 2814 664 2854 ναὶ
686 2813 960 2853 scribendum
980 2813 1051 2862 ἔνι,
1069 2819 1111 2853 et
1127 2814 1335 2863 magicum
1350 2818 1489 2852 utrem
1506 2824 1603 2852 esse
1620 2810 1970 2861 intellegendum.

304 2864 520 2905 Lacunam
541 2873 643 2906 ante
666 2868 708 2908 h.
722 2881 760 2908 v.
784 2867 929 2918 posuit
951 2867 1101 2907 Nauck
1227 2869 1304 2918 148
1333 2866 1372 2908 τ’
1395 2867 1482 2919 ἐμοί
1503 2866 1663 2906 Reiske
1683 2880 1692 2906 ε
1719 2866 1763 2918 γ’
1785 2865 1872 2916 ἐμοί
1891 2864 1926 2904 L
1941 2863 1976 2903 P

305 2918 383 2970 152
414 2919 659 3015 ἕκπέταξον]
686 2921 907 2975 ἐγκάναξον
927 2921 1108 2962 Pierson
1130 2928 1228 2973 post
1246 2922 1576 2963 Valckenarium
1716 2932 1794 2972 153
1822 2917 1972 2972 ὀσμὴν]

302 2975 462 3029 μορφὴν
527 2976 647 3016 eiske
